@article{Cadzow1974efficient,
  title={An Efficient Algorithmic Procedure for Obtaining a Minimum $L_\infty$-Norm Solution to a System of Consistent Linear Equations},
  author={Cadzow, James A},
  journal={SIAM Journal on Numerical Analysis},
  volume={11},
  number={6},
  pages={1151--1165},
  year={1974},
  publisher={SIAM},
}

@book{Luenberger1997optimization,
  title={Optimization by vector space methods},
  author={Luenberger, David G},
  year={1997},
  publisher={John Wiley \& Sons},
}

@inproceedings{Lee&Ha2001,
  title={A new algorithm for a minimum infinity-norm solution and its application to trajectory planning of kinematically redundant manipulators},
  author={Ha, Insoo and Lee, Jihong},
  booktitle={2001 IEEE/ASME International Conference on Advanced Intelligent Mechatronics. Proceedings (Cat. No. 01TH8556)},
  volume={1},
  pages={446--451},
  year={2001},
  organization={IEEE},
}

@article{porter1966note,
  title={A note on the minimum effort control problem},
  author={Porter, WA and Williams, JP},
  year={1966},
  publisher={Elsevier},
}

@inproceedings{ajoudani2013human,
  title={Human-like impedance and minimum effort control for natural and efficient manipulation},
  author={Ajoudani, Arash and Gabiccini, Marco and Tsagarakis, Nikos G and Bicchi, Antonio},
  booktitle={2013 IEEE International Conference on Robotics and Automation},
  pages={4499--4505},
  year={2013},
  organization={IEEE}, 
}

@article{lee2001structured,
  title={A structured algorithm for minimum l [infinity]-norm solutions and its application to a robot velocity workspace analysis},
  author={Lee, Jihong},
  journal={Robotica},
  volume={19},
  number={3},
  pages={343},
  year={2001},
  publisher={Cambridge University Press},
}

@article{neustadt1962minimum,
  title={Minimum effort control systems},
  author={Neustadt, Lucien W},
  journal={Journal of the Society for Industrial and Applied Mathematics, Series A: Control},
  volume={1},
  number={1},
  pages={16--31},
  year={1962},
  publisher={SIAM},
}

@INPROCEEDINGS{Slunjski2018,  
author={M. {Slunjski} and M. {Jones} and E. {Levi}},  
booktitle={IECON 2018 - 44th Annual Conference of the IEEE Industrial Electronics Society},  
title={Analysis of a Symmetrical Nine-phase Machine with Highly Non-Sinusoidal Back-Electromotive Force},   
year={2018},  volume={},  number={},  pages={6229-6234},}

@ARTICLE{Gong2019,  
author={J. {Gong} and H. {Zahr} and E. {Semail} and M. {Trabelsi} and B. {Aslan} and F. {Scuiller}},  
journal={IEEE Transactions on Energy Conversion},  
title={Design Considerations of Five-Phase Machine With Double p/3p Polarity},   
year={2019},  volume={34},  number={1},  pages={12-24},}

@INPROCEEDINGS{Sui2017,  
author={Y. {Sui} and P. {Zheng} and Y. {Fan} and J. {Zhao}},  
booktitle={2017 IEEE International Electric Machines and Drives Conference (IEMDC)},  
title={Research on the vector control strategy of five-phase permanent-magnet synchronous machine based on third-harmonic current injection},   
year={2017},  volume={},  number={},  pages={1-8},}

@ARTICLE{CervoneLevi2020,  author={A. {Cervone} and M. {Slunjski} and E. {Levi} and G. {Brando}},  
journal={IEEE Transactions on Industrial Electronics},  title={Optimal Third-Harmonic Current Injection for Asymmetrical Multiphase PMSMs},   
year={2020},  volume={},  number={},  pages={1-1},}

@article{morawiec2020feedback,
  title={Feedback Control of Multiphase Induction Machines with Backstepping Technique},
  author={Morawiec, Marcin and Strankowski, Patryk and Lewicki, Arkadiusz and Guzinski, Jaroslaw and Wilczynski, Filip},
  journal={IEEE Transactions on Industrial Electronics},
  publisher={IEEE},
  year={2020},  volume={67},  number={6},  pages={4305-4314},}

@article{levi2016multiphase,
  title={Multiphase machines and drives-Revisited},
  author={Levi, Emil and Barrero, Federico and Duran, Mario J},
  journal={IEEE Transactions on Industrial Electronics},
  volume={63},
  number={1},
  pages={429--432},
  year={2016},
  publisher={IEEE}
}

@ARTICLE{Wang2019,  author={M. {Wang} and C. {Tong} and Z. {Song} and J. {Liu} and P. {Zheng}},  journal={IEEE Transactions on Industrial Electronics},  title={Performance Analysis of an Axial Magnetic-Field-Modulated Brushless Double-Rotor Machine for Hybrid Electric Vehicles},   year={2019},  volume={66},  number={1},  pages={806-817},}

@ARTICLE{Zhang2019,  author={Y. {Zhang} and Y. {Zhang} and Z. {Ai} and M. {Yi Lu} and J. {Zhang}},  journal={IEEE Transactions on Industrial Electronics},  title={Energy Optimal Control of Motor Drive System for Extending Ranges of Electric Vehicles},   year={2019},  volume={},  number={},  pages={1-1},}

@ARTICLE{Nobile2019,
author={G. {Nobile} and G. {Scelba} and M. {Cacciato} and G. {Scarcella}},
journal={IEEE Transactions on Industrial Electronics},
title={Losses Minimization Control for an Integrated Multidrive Topology Devoted to Hybrid Electric Vehicles},
year={2019},
volume={66}, 
number={11}, 
pages={8345-8360},} 

@ARTICLE{Souza2020,
author={T. S. {de Souza} and R. R. {Bastos} and B. J. {Cardoso Filho}},
journal={IEEE Transactions on Industry Applications},
title={Synchronous-Frame Modeling and dq Current Control of an Unbalanced Nine-Phase Induction Motor Due to Open Phases},
year={2020},
volume={56},
number={2},
pages={2097-2106},
keywords={ $dq$ current control;induction machines;modeling;multiphase machines;open-circuit faults},
doi={10.1109/TIA.2020.2965493},
ISSN={1939-9367},
month={March},}

@ARTICLE{Tian2020,
author={B. {Tian} and L. {Sun} and M. {Molinas} and Q. {An}},
journal={IEEE Transactions on Industrial Electronics},
title={Repetitive control-based phase voltage modulation amendment for FOC-based five-phase PMSMs under single-phase open fault},
year={2020},
volume={},
number={},
pages={1-1},
keywords={Circuit faults;Permanent magnet motors;Reluctance motors;Torque;Fault tolerance;Fault tolerant systems;phase voltage modulation;oscillating neutral;Five-phase PMSM;single-phase open fault;fault-tolerant control},
doi={10.1109/TIE.2020.2975502},
ISSN={1557-9948},
month={},}

@ARTICLE{Chen2019,
author={Q. {Chen} and W. {Zhao} and G. {Liu} and Z. {Lin}},
journal={IEEE Transactions on Industrial Electronics},
title={Extension of Virtual-Signal-Injection-Based MTPA Control for Five-Phase IPMSM Into Fault-Tolerant Operation},
year={2019},
volume={66},
number={2},
pages={944-955},
keywords={drives;machine control;permanent magnet machines;PWM invertors;sensorless machine control;synchronous machines;torque control;virtual-signal-injection-based MTPA control;five-phase IPMSM;fault-tolerant operation;five-phase interior permanent magnet synchronous machine;open-circuit fault;virtual signal injection control;MTPA points;fault-tolerant control;MTPA fault-tolerant control;Harmonic analysis;Fault tolerant systems;Torque;Fault tolerant control;Permanent magnet machines;Permanent magnets;Fault-tolerant control;five-phase interior permanent magnet synchronous machine (IPMSM);maximum torque per ampere (MTPA);postfault field-oriented control (FOC);virtual signal injection control (VSIC)},
doi={10.1109/TIE.2018.2826473},
ISSN={1557-9948},
month={Feb},}

@ARTICLE{PriestleyFletcher2020,
author={M. {Priestley} and M. {Farshadnia} and J. E. {Fletcher}},
journal={IEEE Transactions on Industrial Electronics},
title={FOC Transformation for Single Open-Phase Faults in the Five-Phase Open-End Winding Topology},
year={2020},
volume={67},
number={2},
pages={842-851},
keywords={electric current control;invertors;machine vector control;permanent magnet machines;permanent magnet motors;PI control;synchronous machines;synchronous motor drives;torque control;single dc supply open-end;unbalanced phase currents;postfault machine torque;published field-oriented control schemes;proportional-integral current controllers;machine operating point;constant current references;unbalanced sinusoidal phase currents;PI current controllers;current control technique;five-phase open-end winding system;single open-phase fault;open-end winding topology;five-phase permanent-magnet synchronous machine drive systems;Torque;Windings;Optimization;Harmonic analysis;Topology;PI control;Current control;Fault tolerant control;motor drives;permanent-magnet machines;proportional–integral (PI) control},
doi={10.1109/TIE.2019.2898588},
ISSN={1557-9948},
month={Feb},}


@ARTICLE{Xu2019,
author={H. {Xu} and W. {Huang} and F. {Bu} and H. {Liu} and X. {Lin}},
journal={IEEE Transactions on Industrial Electronics},
title={Control of Five-Phase Dual Stator-Winding Induction Generator With an Open Phase},
year={2019},
volume={66},
number={1},
pages={696-706},
keywords={asynchronous generators;electric current control;machine control;power generation control;power system control;stators;voltage control;five-phase dual stator-winding induction generator;open phase;stand-alone power systems;dc generating system;reduced-order transformation;modified flux;dq plane;fundamental plane;control loop;power-winding voltage;modified secondary subspace plane;five-phase DWIG operation;minimum control-winding loss;output voltage;Voltage control;Windings;Torque;Rotors;Control systems;Inductance;Stator windings;An open phase;dual stator winding induction generator (DWIG);fault-tolerance control;five-phase},
doi={10.1109/TIE.2018.2835392},
ISSN={1557-9948},
month={Jan},}


@ARTICLE{ToliyatLipo1992,
author={H. A. {Toliyat} and L. {Xu} and T. A. {Lipo}},
journal={IEEE Transactions on Industry Applications},
title={A five-phase reluctance motor with high specific torque},
year={1992},
volume={28},
number={3},
pages={659-667},
keywords={invertors;power transistors;reluctance motors;stators;switching circuits;torque;semiconductor switches;five-phase;specific torque;topology;synchronous reluctance motor;concentrated winding;wye-connected stator;inverter;power transistors;switch utilization factor;Reluctance motors;Torque;Reluctance machines;Switches;Topology;Stator windings;Inverters;Power transistors;Bridges;Machine windings},
doi={10.1109/28.137454},
ISSN={1939-9367},
month={May},}

@INPROCEEDINGS{ShiToliyat2001,
author={ {Ruhe Shi} and H. A. {Toliyat} and A. {El-Antably}},
booktitle={Conference Record of the 2001 IEEE Industry Applications Conference. 36th IAS Annual Meeting (Cat. No.01CH37248)},
title={Field oriented control of five-phase synchronous reluctance motor drive with flexible 3/sup rd/ harmonic current injection for high specific torque},
year={2001},
volume={3},
number={},
pages={2097-2103 vol.3},
keywords={reluctance motor drives;machine vector control;velocity control;control system synthesis;harmonic distortion;torque;machine theory;electric machine analysis computing;control system analysis computing;machine testing;rotors;five-phase synchronous reluctance motor drive;field oriented control;flexible third harmonic current injection;high-specific shaft torque;salient-pole rotors;hysteresis-type PWM current regulator;control design;Matlab/Simulink;digital signal processor;control simulation;computer simulation;control performance;Reluctance motors;Pulse width modulation;Shafts;Torque;Current control;Reluctance machines;Rotors;Hysteresis;Regulators;Signal processing algorithms},
doi={10.1109/IAS.2001.955915},
ISSN={0197-2618},
month={Sep.},}

@INPROCEEDINGS{CoatesGosbell2001,
author={C. E. {Coates} and D. {Platt} and V. J. {Gosbell}},
booktitle={Conference Record of the 2001 IEEE Industry Applications Conference. 36th IAS Annual Meeting (Cat. No.01CH37248)},
title={Performance evaluation of a nine-phase synchronous reluctance drive},
year={2001},
volume={3},
number={},
pages={2041-2047 vol.3},
keywords={reluctance motor drives;machine testing;stators;machine vector control;torque control;exciters;invertors;DC-AC power convertors;electric current control;voltage control;velocity control;torque measurement;switching circuits;nine-phase synchronous reluctance motor drive;performance evaluation;Syncrel;stator MMF shaping;torque/RMS ampere;generalized d-q voltage equations;generalised torque equations;field-oriented controller;TMS320C32 digital signal processor board;stator winding;direct excitation;quadrature excitation;inverter switching strategy;phase currents control;current regulation;speed response;torque measurements;drive capability;5 kW;Reluctance motors;Equations;Production;Torque control;Voltage control;Digital signal processors;Stator windings;Inverters;Current control;Torque measurement},
doi={10.1109/IAS.2001.955908},
ISSN={0197-2618},
month={Sep.},}

@ARTICLE{ToliyatLipo1998,
author={H. A. {Toliyat} and S. P. {Waikar} and T. A. {Lipo}},
journal={IEEE Transactions on Industry Applications},
title={Analysis and simulation of five-phase synchronous reluctance machines including third harmonic of airgap MMF},
year={1998},
volume={34},
number={2},
pages={332-339},
keywords={reluctance machines;machine theory;harmonics;machine windings;magnetic circuits;five-phase synchronous reluctance machines;airgap MMF third harmonic;winding function method;coupled magnetic circuit approach;a-b-c-d-e natural reference frame;five-phase transformation;dynamic equations;Harmonic analysis;Analytical models;Reluctance machines;Artificial intelligence;Equations;Torque;Voltage;Machine windings;Reluctance motors;Industry Applications Society},
doi={10.1109/28.663476},
ISSN={1939-9367},
month={March},}

@ARTICLE{ToliyatPetersen2002,
author={ {Huangsheng Xu} and H. A. {Toliyat} and L. J. {Petersen}},
journal={IEEE Transactions on Power Electronics},
title={Five-phase induction motor drives with DSP-based control system},
year={2002},
volume={17},
number={4},
pages={524-533},
keywords={induction motor drives;machine vector control;torque control;digital control;digital signal processing chips;magnetic flux;invertors;magnetic variables control;five-phase induction motor drives;DSP-based control system;direct torque control;vector control;third harmonic currents;rectangular flux distribution;ripples amplitude reduction;floating-point TMS320C32 digital signal processor;high drive performance;nearly rectangular current waveforms;flux profile;air-gap;air gap flux density;Induction motor drives;Control systems;Induction motors;Torque control;Machine vector control;Inverters;Voltage;Induction generators;Air gaps;Signal processing algorithms},
doi={10.1109/TPEL.2002.800983},
ISSN={1941-0107},
month={July},}

@INPROCEEDINGS{ToliyatPetersen2001,
author={ {Huangsheng Xu} and H. A. {Toliyat} and L. J. {Petersen}},
booktitle={APEC 2001. Sixteenth Annual IEEE Applied Power Electronics Conference and Exposition (Cat. No.01CH37181)},
title={Rotor field oriented control of five-phase induction motor with the combined fundamental and third harmonic currents},
year={2001},
volume={1},
number={},
pages={392-398 vol.1},
keywords={induction motor drives;machine vector control;harmonics;air gaps;magnetic flux;torque;rotors;rotor field oriented control;five-phase induction motor;third harmonic currents;motor model;d/sub 1/q/sub 1/d/sub 3/q/sub 3/n reference frame;power density;output torque;third harmonic current injection;dynamical adjustment;steady state compensation;high drive performance;third harmonic flux;third harmonic torque;nearly rectangular air-gap flux;Rotors;Induction motors;Torque control;Motor drives;Air gaps;Induction motor drives;Power system harmonics;DC motors;Induction generators;Iron},
doi={10.1109/APEC.2001.911677},
ISSN={null},
month={March},}

@ARTICLE{Fletcher2008,
author={L. {Zheng} and J. E. {Fletcher} and B. W. {Williams} and X. {He}},
journal={IEEE Transactions on Industrial Electronics},
title={Dual-Plane Vector Control of a Five-Phase Induction Machine for an Improved Flux Pattern},
year={2008},
volume={55},
number={5},
pages={1996-2005},
keywords={asynchronous machines;induction motor drives;machine vector control;dual-plane vector control;five-phase induction machine;improved flux pattern;synchronized fluxes;vector space decomposition;synchronization control;controlled air-gap flux density;flux reshaping;back EMF waveform reshaping;quasi-trapezoidal air-gap flux density distribution;machine torque density;Machine vector control;Induction machines;Air gaps;Iron;Inverters;Torque control;Analytical models;Voltage;Power generation;Dual-plane vector control;five-phase induction machine drive;flux pattern;space harmonics;Dual-plane vector control;five-phase induction machine drive;flux pattern;space harmonics},
doi={10.1109/TIE.2008.918464},
ISSN={1557-9948},
month={May},}

@inproceedings{Weh1985static,
  title={Static inverter concepts for multiphase machines with square-wave current field distributions},
  author={Weh, H and Schroder, U},
  booktitle={Proc. EPE},
  pages={1147--1152},
  year={1985},}

@ARTICLE{Klingshirn1982,
author={E. A. {Klingshirn}},
journal={IEEE Transactions on Power Apparatus and Systems},
title={High Phase Order Induction Motors - Part I-Description and Theoretical Considerations},
year={1983},
volume={PAS-102},
number={1},
pages={47-53},
keywords={Induction motors;Inverters;Torque;Rotors;Voltage;Stators;Rotating machines;Power system harmonics;Coils;Electric vehicles},
doi={10.1109/TPAS.1983.317996},
ISSN={0018-9510},
month={Jan},}

@ARTICLE{LeviJonesVukasovic2007,
author={E. {Levi} and M. {Jones} and S. N. {Vukosavic} and A. {Iqbal} and H. A. {Toliyat}},
journal={IEEE Transactions on Industrial Electronics},
title={Modeling, Control, and Experimental Investigation of a Five-Phase Series-Connected Two-Motor Drive With Single Inverter Supply},
year={2007},
volume={54},
number={3},
pages={1504-1516},
keywords={electric current control;induction motor drives;invertors;machine vector control;five-phase series-connected two-motor drive;phase transposition;induction motor vector control;current-controlled voltage source inverter;stationary common reference frame;rotor-flux-oriented reference frame;Inverters;Machine vector control;Stator windings;Torque;Modeling;Control system synthesis;Induction motors;Acceleration;Drives;Councils;Experimental investigation;five-phase machines;two-motor drives;variable-speed drives;vector control},
doi={10.1109/TIE.2007.894694},
ISSN={1557-9948},
month={June},}

@ARTICLE{LeviJones2004,
author={E. {Levi} and M. {Jones} and S. N. {Vukosavic} and H. A. {Toliyat}},
journal={IEEE Transactions on Energy Conversion},
title={Operating principles of a novel multiphase multimotor vector-controlled drive},
year={2004},
volume={19},
number={3},
pages={508-517},
keywords={multimeters;electric current control;invertors;motor drives;stators;AC machines;machine vector control;power system harmonics;multiphase multimotor vector-controlled drives;ac machines;stator current components;multiphase machines;stator current harmonics;machine control;multimeter drive systems;stator windings;multimachine systems;inverter phase currents;electrical machines;current controlled voltage source inverter;nine-phase four-motor drive systems;Inverters;Machine vector control;AC machines;Control systems;Stator windings;Torque control;Production;Voltage control;Electric current control;Performance analysis},
doi={10.1109/TEC.2004.832055},
ISSN={1558-0059},
month={Sep.},}

@ARTICLE{Levi2004,
author={E. {Levi} and M. {Jones} and S. N. {Vukosavic} and H. A. {Toliyat}},
journal={IEEE Transactions on Power Electronics},
title={A novel concept of a multiphase, multimotor vector controlled drive system supplied from a single voltage source inverter},
year={2004},
volume={19},
number={2},
pages={320-335},
keywords={machine vector control;invertors;variable speed drives;power convertors;machine theory;asynchronous machines;electric current control;rotors;AC motor drives;multiphase machine;multimotor vector controlled drive system;single voltage source inverter;variable speed electric drive system;power electronic converter;electrical machine general theory;multiphase stator windings;n-phase induction machine;indirect rotor flux oriented control;Voltage control;Control systems;Inverters;AC machines;Electric variables control;Power supplies;Power electronics;Machine vector control;Stator windings;Leg},
doi={10.1109/TPEL.2003.823241},
ISSN={1941-0107},
month={March},}

@ARTICLE{Mohapatra2005,
author={K. K. {Mohapatra} and R. S. {Kanchan} and M. R. {Baiju} and P. N. {Tekwani} and K. {Gopakumar}},
journal={IEEE Transactions on Industrial Electronics},
title={Independent field-oriented control of two split-phase induction motors from a single six-phase inverter},
year={2005},
volume={52},
number={5},
pages={1372-1382},
keywords={induction motor drives;invertors;stators;air gaps;torque control;power conversion harmonics;machine vector control;field-oriented control;split-phase induction motors;six-phase inverter;stator windings;air gap flux;zero sequence components;harmonic voltage components;electromagnetic torque;vector control;dual motor drive;multiphase winding;series-connected multimotor control;Induction motors;Pulse width modulation inverters;Voltage;Power harmonic filters;Stator windings;Torque;Machine vector control;Induction generators;Pulse width modulation;Production;multiphase winding;series-connected multimotor control;vector control},
doi={10.1109/TIE.2005.855659},
ISSN={1557-9948},
month={Oct},}

@article{Williamson2004,
author = {Steve Williamson and Sandy Smith and Chris Hodge},
title = {Fault tolerance in multiphase propulsion motors},
journal = {Journal of Marine Engineering \& Technology},
volume = {3},
number = {1},
pages = {3-7},
year  = {2004},
publisher = {Taylor & Francis},
doi = {10.1080/20464177.2004.11020174},

URL = { 
        https://doi.org/10.1080/20464177.2004.11020174
    
},
eprint = { 
        https://doi.org/10.1080/20464177.2004.11020174
    
}

}

@ARTICLE{ZhaoLipo1996,
author={Y. {Zhao} and T. A. {Lipo}},
journal={IEEE Transactions on Energy Conversion},
title={Modeling and control of a multi-phase induction machine with structural unbalance},
year={1996},
volume={11},
number={3},
pages={578-584},
keywords={induction motors;machine theory;machine control;stators;electric current control;multi-phase induction machine;structural unbalance;field-oriented control;unbalanced stator winding structure;synchronous reference frame;stator current;asymmetrical structure;dual three phase induction machine;current regulation;Induction machines;Stator windings;Machine windings;Analytical models;Energy conversion;Equations;Couplings;Torque;Research and development;Rivers},
doi={10.1109/60.537028},
ISSN={1558-0059},
month={Sep.},}

@article{Singh2000,
author = { G. K. Singh, Vinay   Pant },
title = {Analysis of a Multiphase Induction Machine Under Fault Condition in a Phase-Redundant A.C. Drive System},
journal = {Electric Machines \& Power Systems},
volume = {28},
number = {6},
pages = {577-590},
year  = {2000},
publisher = {Taylor & Francis},
doi = {10.1080/073135600268199},

URL = { 
        https://doi.org/10.1080/073135600268199
    
},
eprint = { 
        https://doi.org/10.1080/073135600268199
    
}

}

@ARTICLE{Williamson2006,
author={J. {Apsley} and S. {Williamson}},
journal={IEEE Transactions on Industry Applications},
title={Analysis of multiphase induction machines with winding faults},
year={2006},
volume={42},
number={2},
pages={465-472},
keywords={induction motors;machine windings;harmonic analysis;short-circuit currents;multiphase induction machines;winding faults;generalized harmonic analysis;multiphase cage induction motor;open-circuit fault;short-circuit fault;stator winding;four-pole machine;patchboard;Induction machines;Machine windings;Circuit faults;Coils;Harmonic analysis;Stator windings;Analytical models;Steady-state;Fault tolerance;Electric machines;Induction machines;multiphase machines;open circuit;short circuit;winding faults},
doi={10.1109/TIA.2005.863915},
ISSN={1939-9367},
month={March},}

@inbook{Duran&Levi2017,
author = {Duran, Mario J. and Levi, Emil and Barrero, Federico},
publisher = {American Cancer Society},
isbn = {9780471346081},
title = {Multiphase Electric Drives: Introduction},
booktitle = {Wiley Encyclopedia of Electrical and Electronics Engineering},
chapter = {},
pages = {1-26},
doi = {10.1002/047134608X.W8364},
url = {https://onlinelibrary.wiley.com/doi/abs/10.1002/047134608X.W8364},
eprint = {https://onlinelibrary.wiley.com/doi/pdf/10.1002/047134608X.W8364},
year = {2017},
keywords = {multiphase drive, electric motor, power converter, high-performance control},
abstract = {The theory of three-phase electric machines, power converters, and high-performance AC drives is typically included in many undergraduate and master engineering curricula. However, the coverage of electric drives with more than three phases (i.e., multiphase) is often absent or limited. This article aims at students and engineers with an electrical engineering background who want to extend their knowledge to multiphase electric drives. The article introduction provides the motivation for their use, some historical data and various examples of industry applications. The modeling of the electric machine, the modulation of the converter, and the high-performance control of the drive are subsequently revisited, providing a comprehensive explanation of the differences compared to three-phase systems. A brief up-to-date review of the innovative modes of operation that are exclusive to multiphase drives is also included. All the considerations relate to machines with near-sinusoidal air gap magnetomotive force (MMF) that operate using the principle of the Tesla's rotating field.}
}


@ARTICLE{Toliyat1991_3,
author={H. A. {Toliyat} and T. A. {Lipo}},
journal={IEEE Transactions on Energy Conversion},
title={Analysis of concentrated winding induction machines for adjustable speed drive applications-experimental results},
year={1994},
volume={9},
number={4},
pages={695-700},
keywords={variable speed drives;induction motor drives;machine testing;power convertors;rotors;induction machines;adjustable speed drive;applications;multiphase concentrated winding;static power converters;performance;five phase;design;testing;Machine windings;Induction machines;Variable speed drives;Induction motors;Stators;Copper;Testing;Air gaps;Rotors;Magnetic materials},
doi={10.1109/60.368339},
ISSN={1558-0059},
month={Dec},}

@ARTICLE{Toliyat1991_2,
author={H. A. {Toliyat} and T. A. {Lipo} and J. C. {White}},
journal={IEEE Transactions on Energy Conversion},
title={Analysis of a concentrated winding induction machine for adjustable speed drive applications. II. Motor design and performance},
year={1991},
volume={6},
number={4},
pages={684-692},
keywords={digital simulation;electric machine analysis computing;harmonics;induction motors;machine windings;power convertors;variable speed drives;Fourier analysis;concentrated winding induction machine;adjustable speed drive;multiphase machines;static power converters;winding distributions;rectangular waveforms;air-gap-field spatial distributions;time harmonics;digital-computer simulation;five-phase machine;torque per root-mean-square ampere;air-gap-flux density;Machine windings;Induction machines;Static power converters;Solid state circuits;Inverters;Harmonic analysis;Analytical models;Torque converters;Wounds;Induction motors},
doi={10.1109/60.103642},
ISSN={1558-0059},
month={Dec},}

@ARTICLE{Toliyat1991_1,
author={H. A. {Toliyat} and T. A. {Lipo} and J. C. {White}},
journal={IEEE Transactions on Energy Conversion},
title={Analysis of a concentrated winding induction machine for adjustable speed drive applications. I. Motor analysis},
year={1991},
volume={6},
number={4},
pages={679-683},
keywords={harmonics;induction motors;machine windings;power convertors;variable speed drives;transient behaviour;concentrated winding induction machine;adjustable speed drive;performance;multiphase machines;static power converters;winding distributions;rectangular waveforms;solid-state inverters;steady-state behavior;space harmonics;terminal voltages;electromagnetic torque;nonsinusoidal air-gap-flux distributions;three-phase induction motor;Machine windings;Induction machines;Equations;Static power converters;Solid state circuits;Inverters;Electromagnetic transients;Steady-state;Voltage;Torque},
doi={10.1109/60.103641},
ISSN={1558-0059},
month={Dec},}

@ARTICLE{ChengTan2016,
author={Tan, C. and Xiao, D. and Fletcher, J.E. and Rahman, M.F.},
journal={Industrial Electronics, IEEE Transactions on},
title={Carrier-Based PWM Methods With Common-Mode Voltage Reduction for Five-Phase Coupled Inductor Inverter},
year={2016},
volume={63},
number={1},
pages={526-537},
keywords={Inductors;Inverters;Logic gates;Pulse width modulation;Switches;Topology;Voltage control;Common-mode (CM) voltage;Common-mode voltage;coupled inductor;multiphase inverters;pulse width modulation inverters;pulsewidth modulation (PWM) inverters},
doi={10.1109/TIE.2015.2472815},
ISSN={0278-0046},
month={Jan},}

@INPROCEEDINGS{Iqbal&Levi2006, 
author={Iqbal, A. and Levi, E. and Jones, M. and Vukosavic, S.N.}, 
booktitle={Power Electronics Specialists Conference, 2006. PESC '06. 37th IEEE}, 
title={Generalised Sinusoidal PWM with Harmonic Injection for Multi-Phase VSIs}, 
year={2006}, 
month={June}, 
pages={1-7}, 
keywords={AC motor drives;PWM invertors;harmonics;ac machines;carrier-based PWM;dc bus voltage;dc link voltage;electric drives;fifth-harmonic injection;generalised sinusoidal PWM;multiphase motor drives;multiphase voltage source inverters;power electronics;series-connected five-phase two-motor drives;sinusoidal output phase voltages;space vector PWM;AC machines;Motor drives;Power electronics;Pulse inverters;Pulse width modulation;Pulse width modulation inverters;Space vector pulse width modulation;Voltage}, 
doi={10.1109/PESC.2006.1712206}, 
ISSN={0275-9306},}



@ARTICLE{Duran2013overmod,
author={Duran, M.J. and Prieto, J. and Barrero, F.},
journal={Power Electronics, IEEE Transactions on},
title={Space Vector PWM With Reduced Common-Mode Voltage for Five-Phase Induction Motor Drives Operating in Overmodulation Zone},
year={2013},
month={Aug},
volume={28},
number={8},
pages={4030-4040},
keywords={PWM power convertors;harmonics;induction motor drives;common-mode voltage;common-mode voltage reduction;current harmonic content;five-phase converters;five-phase induction motor drives;large voltage space vectors;low-order current harmonics;lower peak-to-peak CMV;medium voltage space vectors;overmodulation zone;space vector PWM;space vector pulsewidth modulation algorithm;zero vectors;Harmonic analysis;Space vector pulse width modulation;Support vector machine classification;Switches;Vectors;Common-mode voltage (CMV);multiphase drives;overmodulation;space vector pulsewidth modulation (SVPWM)},
doi={10.1109/TPEL.2012.2229394},
ISSN={0885-8993},}

@INPROCEEDINGS{Levi2006independent, 
author={Levi, E. and Jones, M. and Vukosavic, S.N. and Toliyat, H.A.}, 
booktitle={Industry Applications Conference, 2006. 41st IAS Annual Meeting. Conference Record of the 2006 IEEE}, 
title={Steady State Modeling of Series-Connected Five-Phase and Six-Phase Two-Motor Drives}, 
year={2006}, 
month={Oct}, 
volume={1}, 
pages={415-422}, 
keywords={equivalent circuits;invertors;machine vector control;machine windings;motor drives;DC link voltage;equivalent circuit representation;five-phase inverter;five-phase machines;five-phase two-motor drives;independent dynamic control;orthogonal relationship;phase transposition;phasor approach;series-connected machines;series-connected two-motor drive systems;six-phase inverter;six-phase two-motor drives;stationary common reference frame;steady state drive behavior;steady state model;symmetrical six-phase machine;three-phase machine;vector control;Equivalent circuits;Fault tolerance;Induction machines;Inverters;Machine vector control;Machine windings;Stator windings;Steady-state;Testing;Voltage;five-phase;multi-motor drives;multi-phase machines;six-phase;vector control}, 
doi={10.1109/IAS.2006.256555}, 
ISSN={0197-2618},}

@ARTICLE{Carrasco2013,
author={Carrasco, G. and Silva, C.A.},
journal={Industrial Electronics, IEEE Transactions on},
title={Space Vector PWM Method for Five-Phase Two-Level VSI With Minimum Harmonic Injection in the Overmodulation Region},
year={2013},
month={May},
volume={60},
number={5},
pages={2042-2053},
keywords={PWM invertors;minimisation;dc-link voltage utilization;explicit minimization;five-phase two-level VSI;five-phase voltage-source inverter;harmonic injection amplitude;overmodulation region;space vector PWM method;space vector modulation;Equations;Harmonic analysis;Inverters;Modulation;Optimization;Support vector machines;Vectors;Harmonic injection;multiphase modulation},
doi={10.1109/TIE.2012.2201434},
ISSN={0278-0046},}

@ARTICLE{Ojo2012,
author={Karugaba, S. and Ojo, O.},
journal={Industry Applications, IEEE Transactions on},
title={A Carrier-Based PWM Modulation Technique for Balanced and Unbalanced Reference Voltages in Multiphase Voltage-Source Inverters},
year={2012},
month={Nov},
volume={48},
number={6},
pages={2102-2109},
keywords={AC machines;PWM invertors;power electronics;pulse generators;AC machines;balanced phase voltage generation;balanced reference voltages;carrier-based PWM modulation technique;carrier-based sinusoidal schemes;five-phase VSI;generalized discontinuous pulse width modulation schemes;inverter;inverter devices;modulation signals;multiphase VSI;multiphase drives;multiphase voltage source inverters;multiphase voltage-source inverters;phase voltages;power electronics;pulses generation;two-level five-phase voltage source converters;two-level multiphase inverter;unbalanced phase voltage generation;unbalanced reference voltages;Inverters;Mathematical model;Phase modulation;Pulse width modulation;Switches;Balanced and unbalanced voltages;carrier-based pulsewidth modulation (PWM);five-phase converter;generalized discontinuous PWM;space vector pulsewidth modulation (SVPWM)},
doi={10.1109/TIA.2012.2226421},
ISSN={0093-9994},}

@ARTICLE{Ramirez2014,
author={Ramirez, R.O. and Espinoza, J.R. and Villarroel, F. and Maurelia, E. and Reyes, M.E.},
journal={Industrial Electronics, IEEE Transactions on},
title={A Novel Hybrid Finite Control Set Model Predictive Control Scheme With Reduced Switching},
year={2014},
month={Nov},
volume={61},
number={11},
pages={5912-5920},
keywords={Frequency modulation;Heuristic algorithms;Passive filters;Prediction algorithms;Rectifiers;Switches;Switching frequency;Commutation frequency;predictive control},
doi={10.1109/TIE.2014.2308137},
ISSN={0278-0046},}


@ARTICLE{Kumsuwan2013,
author={Kumsuwan, Y. and Premrudeepreechacharn, S. and Kinnares, V.},
journal={Industrial Electronics, IEEE Transactions on},
title={A Carrier-Based Unbalanced PWM Method for Four-Leg Voltage Source Inverter Fed Unsymmetrical Two-Phase Induction Motor},
year={2013},
month={May},
volume={60},
number={5},
pages={2031-2041},
keywords={PWM invertors;frequency control;induction motors;machine control;voltage control;and quadrature phase angle;carrier-based unbalanced PWM method;carrier-based unbalanced pulsewidth-modulated method;four-leg VSI;four-leg voltage source inverter fed unsymmetrical two-phase induction motor;independent magnitude controllability;open-loop V-f control;unbalanced two-phase loads;unbalanced two-phase output voltage waveform synthesis;unipolar modulation technique;voltage-frequency control;Induction motors;Pulse width modulation;Rotors;Stator windings;Voltage control;Windings;Carrier-based pulsewidth-modulated (PWM) (CBPWM) method;open-loop $V/f$ control;two-phase four-leg voltage-source inverter (VSI);unsymmetrical two-phase induction motor (TPIM)},
doi={10.1109/TIE.2012.2228138},
ISSN={0278-0046},}


@ARTICLE{Kanjiya2013,
author={Kanjiya, P. and Khadkikar, V. and Zeineldin, H.H.},
journal={Industrial Electronics, IEEE Transactions on},
title={A Noniterative Optimized Algorithm for Shunt Active Power Filter Under Distorted and Unbalanced Supply Voltages},
year={2013},
month={Dec},
volume={60},
number={12},
pages={5376-5390},
keywords={active filters;harmonic distortion;iterative methods;power filters;quadratic programming;Newton-Raphson programming;THD limits;complex iterative optimization techniques;conductance factors;distorted supply voltages;dynamic load conditions;hardware-in-the-loop experimental system;iterative optimization-based control algorithm;load compensation;mathematical expression;noniterative optimized algorithm;sequential quadratic programming;shunt active power filter;single-step noniterative optimized algorithm;steady-state load conditions;three-phase four-wire shunt active power filter;total harmonic distortion;unbalanced supply voltages;Active filters;Harmonic analysis;Harmonic distortion;Heuristic algorithms;Optimization;Power harmonic filters;Reactive power;Active power filter (APF);harmonic compensation;optimized control;power quality;unity power factor (UPF)},
doi={10.1109/TIE.2012.2235394},
ISSN={0278-0046},}


@ARTICLE{QianLiu2014,
author={Qian Liu and Li Peng and Yong Kang and Shiying Tang and Deliang Wu and Yu Qi},
journal={Industrial Electronics, IEEE Transactions on},
title={A Novel Design and Optimization Method of an LCL Filter for a Shunt Active Power Filter},
year={2014},
month={Aug},
volume={61},
number={8},
pages={4000-4010},
keywords={active filters;design engineering;optimisation;power harmonic filters;LCL filter;SAPF;attenuation characteristics;controller response performance;design method;high-frequency harmonic current;high-power low-switching-frequency applications;optimization method;shunt active power filter;switching frequency harmonics;Active filters;Harmonic analysis;Inductance;Mercury (metals);Power harmonic filters;Resonant frequency;Switching frequency;$LCL$ filter;Design and optimization;shunt active power filters (SAPFs);switching frequency harmonics},
doi={10.1109/TIE.2013.2282592},
ISSN={0278-0046},}

@ARTICLE{Camacho2013,
author={Camacho, A. and Castilla, M. and Miret, J. and Vasquez, J.C. and Alarcon-Gallo, E.},
journal={Industrial Electronics, IEEE Transactions on},
title={Flexible Voltage Support Control for Three-Phase Distributed Generation Inverters Under Grid Fault},
year={2013},
month={April},
volume={60},
number={4},
pages={1429-1441},
keywords={distributed power generation;invertors;power grids;reactive power;voltage control;ancillary services;control scheme;distributed generation systems;energy source;flexible voltage support control;grid codes;grid fault;negative symmetric sequence;reactive power injection;reference current generation;renewable-energy sources;three-phase balanced voltage sags;three-phase distributed generation inverters;three-phase grid-connected inverters;transmission system operators;voltage limits regulation;voltage support control scheme;voltage support service;Generators;Inverters;Power quality;Reactive power;Voltage control;Voltage fluctuations;Voltage measurement;Reactive power control;voltage ride through;voltage sag;voltage support},
doi={10.1109/TIE.2012.2185016},
ISSN={0278-0046},}


@ARTICLE{Chen2013,
author={Woei-Luen Chen and Jhe-Shuan Lin},
journal={Industrial Electronics, IEEE Transactions on},
title={One-Dimensional Optimization for Proportional-Resonant Controller Design Against the Change in Source Impedance and Solar Irradiation in PV Systems},
year={2014},
month={April},
volume={61},
number={4},
pages={1845-1854},
keywords={control system synthesis;eigenvalues and eigenfunctions;invertors;optimisation;phase modulation;photovoltaic power systems;power generation control;power grids;proportional control;sunlight;ODO;PR controller;PV system;algebraic conversion;computational resource;dominant eigenvalue;instantaneous tracking capability;nondominant eigenvalue;one-dimensional optimization algorithm;optimal controller;photovoltaic system;proportional-integral controller;proportional-resonant controller design;single-phase grid-tied inverter;solar irradiation effect;source impedance;synchronous frame;Proportional�resonant (PR) controller;voltage-sourced inverter (VSI)},
doi={10.1109/TIE.2013.2264789},
ISSN={0278-0046},}


@ARTICLE{Karanki2013,
author={Karanki, K. and Geddada, G. and Mishra, M.K. and Kumar, B.K.},
journal={Industrial Electronics, IEEE Transactions on},
title={A Modified Three-Phase Four-Wire UPQC Topology With Reduced DC-Link Voltage Rating},
year={2013},
month={Sept},
volume={60},
number={9},
pages={3555-3566},
keywords={active filters;compensation;inductors;network topology;power distribution;power supply quality;switching convertors;PSCAD simulator;VSI;compensation;dc-link voltage requirement;inductor;nonstiff source;power device;power distribution systems;reduced DC-link voltage rating;series active filters;shunt active filters;switching frequency;switching losses;three-phase four-wire UPQC topology;unified power quality conditioner;voltage source inverter;Capacitors;Inverters;Radio frequency;Reactive power;Shunt (electrical);Switching frequency;Topology;Average switching frequency;dc-link voltage;hybrid topology;non-stiff source;unified power quality conditioner (UPQC)},
doi={10.1109/TIE.2012.2206333},
ISSN={0278-0046},}


@ARTICLE{Rivera2013,
author={Rivera, M. and Yaramasu, V. and Llor, A. and Rodriguez, J. and Wu, B. and Fadel, M.},
journal={Industrial Electronics, IEEE Transactions on},
title={Digital Predictive Current Control of a Three-Phase Four-Leg Inverter},
year={2013},
month={Nov},
volume={60},
number={11},
pages={4903-4912},
keywords={PWM invertors;digital control;electric current control;harmonic distortion;power harmonic filters;predictive control;3D space vector modulation;dSPACE DS1104-based rapid prototype platform;digital predictive current control;four-leg filter;harmonic distortion;optimal switching state;predictive cost function;pulsewidth modulation;sampling interval;three-phase two-level four-leg inverters;unbalanced loading conditions;Cost function;Delay;Inverters;Prediction algorithms;Signal processing algorithms;Switches;Vectors;Control systems;current control;dc�ac power conversion;digital control;discrete-time signals;finite-set model predictive control;four-leg inverters},
doi={10.1109/TIE.2012.2219837},
ISSN={0278-0046},}


@ARTICLE{ZengLiu2013,
author={Zeng Liu and Jinjun Liu and Jin Li},
journal={Industrial Electronics, IEEE Transactions on},
title={Modeling, Analysis, and Mitigation of Load Neutral Point Voltage for Three-Phase Four-Leg Inverter},
year={2013},
month={May},
volume={60},
number={5},
pages={2010-2021},
keywords={},
doi={10.1109/TIE.2012.2207653},
ISSN={0278-0046},}


@INPROCEEDINGS{Zhiqin2011,
author={Huang Zhiqin and Xing Chaofeng and Fan Xiahui},
booktitle={Electronics and Optoelectronics (ICEOE), 2011 International Conference on},
title={The stable state analysis on the single-phase earth fault of small current grounding system based on mathematical model},
year={2011},
month={July},
volume={3},
pages={V3-45-V3-48},
keywords={earthing;fault diagnosis;mathematical analysis;breakdown route selection method;mathematical model;single-phase earth fault;small current grounding system;stable state analysis;single-phase earth fault;small current grounding system;stable state analysis},
doi={10.1109/ICEOE.2011.6013296},}


@ARTICLE{Nordman2006,
author={Nordman, M.M. and Korhonen, T.},
journal={Power Delivery, IEEE Transactions on},
title={Design of a concept and a wireless ASIC sensor for locating Earth faults in unearthed electrical distribution networks},
year={2006},
month={July},
volume={21},
number={3},
pages={1074-1082},
keywords={Bayes methods;application specific integrated circuits;design engineering;electric current measurement;electric sensing devices;fault location;power distribution faults;probability;Bayesian probability theory;Matlab SimPowerSystems;distributed wireless sensors;earth faults location;fault detection;fault management concept;phase current measurement;unearthed electrical distribution networks;wireless ASIC sensor;wireless application-specific integrated circuit sensor;Application specific integrated circuits;Bayesian methods;Circuit faults;Current measurement;Earth;Electrical fault detection;Phase measurement;Sensor phenomena and characterization;Wire;Wireless sensor networks;Application-specific integrated circuit (ASIC);power distribution;power system communications;power system modeling;power system monitoring;wireless sensors},
doi={10.1109/TPWRD.2006.874637},
ISSN={0885-8977},}


@INPROCEEDINGS{Hanninen1997,
author={Hanninen, S. and Lehtonen, M. and Hakola, T. and Antila, E. and Strom, J. and Ingman, S.},
booktitle={Electricity Distribution. Part 1: Contributions. CIRED. 14th International Conference and Exhibition on (IEE Conf. Publ. No. 438)},
title={Characteristics of earth faults in power systems with a compensated or an unearthed neutral},
year={1997},
month={June},
volume={1},
pages={16/1-16/5 vol.2},
keywords={distribution networks;earthing;electrical faults;power system protection;substations;20 kV;compensated neutral;earth fault characteristics;high impedance earthing;medium voltage distribution networks;overhead construction;substations;underground cables;unearthed neutral},
doi={10.1049/cp:19970485},
ISSN={0537-9989},}


@INPROCEEDINGS{Kazemi2010,
author={Kazemi, S. and Lehtonen, M. and Fotuhi-Firuzabad, M.},
booktitle={Transmission and Distribution Conference and Exposition, 2010 IEEE PES},
title={A comprehensive approach for reliability worth assessment of the automated fault management schemes},
year={2010},
month={April},
pages={1-8},
keywords={Automation;Circuit faults;Cost function;Electricity supply industry;Energy management;Investments;Power industry;Power system management;Power system reliability;Protection;Automation Schemes;Distribution Automation;Distribution System;Fault Management;Reliability Assessment},
doi={10.1109/TDC.2010.5484398},}

@INPROCEEDINGS{Siirto2012,
author={Siirto, Osmo and Loukkalahti, Mika and Hyvarinen, Markku and Heine, Pirjo and Lehtonen, M.},
booktitle={Electric Power Quality and Supply Reliability Conference (PQ), 2012},
title={Neutral point treatment and earth fault suppression},
year={2012},
month={June},
pages={1-6},
keywords={Automation;Circuit faults;Earth;Fault currents;Grounding;Safety;Substations;Compensation;cross country fault;earth fault;interruption;power quality;protection;reliability;smart grid},
doi={10.1109/PQ.2012.6256226},}


@ARTICLE{Kingrey2011,
author={Kingrey, L.J. and Painter, R.D. and Locker, A.S.},
journal={Industry Applications, IEEE Transactions on},
title={Applying High-Resistance Neutral Grounding in Medium-Voltage Systems},
year={2011},
month={May},
volume={47},
number={3},
pages={1220-1231},
keywords={earthing;power distribution protection;arcing fault phenomena;electrical system backbone components;high-resistance neutral grounding;industrial systems;medium-voltage distribution systems;neutral grounding resistor let-through current;point-of-fault arcing voltage magnitudes;point-of-fault energy levels;point-of-fault ground-fault current;single-line-to-ground fault;system charging current;Circuit faults;Conductors;Grounding;Insulation;Medium voltage;Surges;Arcing ground fault;charging current;ground fault;high-resistance neutral grounding (HRNG);neutral grounding;point-of-fault energy;resistance grounded;system grounding},
doi={10.1109/TIA.2011.2126553},
ISSN={0093-9994},}

@article{Cadzow1973,
author = {Cadzow, J.},
title = {A Finite Algorithm for the Minimum $l_\infty $ Solution to a System of Consistent Linear Equations},
journal = {SIAM Journal on Numerical Analysis},
volume = {10},
number = {4},
pages = {607-617},
year = {1973},
doi = {10.1137/0710053},
}

@article{Shim1998,
author = {Shim,Ick-Chan and Yoon,Yong-San},
title = {Stabilized minimum infinity-norm torque solution for redundant manipulators},
journal = {Robotica},
volume = {16},
issue = {02},
month = {3},
year = {1998},
issn = {1469-8668},
pages = {193--205},
numpages = {13},
doi = {null},
}


@book{Tomlin1975,
  title={Parametric Bounding Method for Finding a Minimum L(sub Infinity)-norm Solution to a System of Equations},
  author={Stanford University. Dept. of Operations Research. Systems Optimization Laboratory and Tomlin, J.A.},
  year={1975},
  publisher={Defense Technical Information Center}
} 


@book{Dantzig1998,
    abstract = {{<p>In real-world problems related to finance, business, and management, mathematicians and economists frequently encounter optimization problems. In this classic book, George Dantzig looks at a wealth of examples and develops linear programming methods for their solutions. He begins by introducing the basic theory of linear inequalities and describes the powerful simplex method used to solve them. Treatments of the price concept, the transportation problem, and matrix methods are also given, and key mathematical concepts such as the properties of convex sets and linear vector spaces are covered. </p><p>George Dantzig is properly acclaimed as the "father of linear programming." Linear programming is a mathematical technique used to optimize a situation. It can be used to minimize traffic congestion or to maximize the scheduling of airline flights. He formulated its basic theoretical model and discovered its underlying computational algorithm, the "simplex method," in a pathbreaking memorandum published by the United States Air Force in early 1948. <i>Linear Programming and Extensions</i> provides an extraordinary account of the subsequent development of his subject, including research in mathematical theory, computation, economic analysis, and applications to industrial problems.</p><p> Dantzig first achieved success as a statistics graduate student at the University of California, Berkeley. One day he arrived for a class after it had begun, and assumed the two problems on the board were assigned for homework. When he handed in the solutions, he apologized to his professor, Jerzy Neyman, for their being late but explained that he had found the problems harder than usual. About six weeks later, Neyman excitedly told Dantzig, "I've just written an introduction to one of your papers. Read it so I can send it out right away for publication." Dantzig had no idea what he was talking about. He later learned that the "homework" problems had in fact been two famous unsolved problems in statistics.</p>}},
    author = {Dantzig, George B.},
    citeulike-article-id = {1745239},
    citeulike-linkout-0 = {http://www.amazon.ca/exec/obidos/redirect?tag=citeulike09-20\&amp;path=ASIN/0691059136},
    citeulike-linkout-1 = {http://www.amazon.de/exec/obidos/redirect?tag=citeulike01-21\&amp;path=ASIN/0691059136},
    citeulike-linkout-2 = {http://www.amazon.fr/exec/obidos/redirect?tag=citeulike06-21\&amp;path=ASIN/0691059136},
    citeulike-linkout-3 = {http://www.amazon.co.uk/exec/obidos/ASIN/0691059136/citeulike00-21},
    citeulike-linkout-4 = {http://www.amazon.com/exec/obidos/redirect?tag=citeulike07-20\&path=ASIN/0691059136},
    citeulike-linkout-5 = {http://www.worldcat.org/isbn/0691059136},
    citeulike-linkout-6 = {http://books.google.com/books?vid=ISBN0691059136},
    citeulike-linkout-7 = {http://www.amazon.com/gp/search?keywords=0691059136\&index=books\&linkCode=qs},
    citeulike-linkout-8 = {http://www.librarything.com/isbn/0691059136},
    citeulike-linkout-9 = {http://www.worldcat.org/oclc/245738716},
    day = {03},
    howpublished = {Paperback},
    isbn = {0691059136},
    keywords = {linear, programming},
    month = aug,
    posted-at = {2007-10-09 11:32:44},
    priority = {2},
    publisher = {Princeton Univ. Press},
    title = {{Linear programming and extensions}},
    year = {1998}
}




@ARTICLE{Ferreira2014,
author={Ferreira, R.S. and Borges, C.L.T. and Pereira, M.V.F.},
journal={Power Systems, IEEE Transactions on},
title={A Flexible Mixed-Integer Linear Programming Approach to the AC Optimal Power Flow in Distribution Systems},
year={2014},
month={},
volume={PP},
number={99},
pages={1-1},
keywords={Linear approximation;Load modeling;Mathematical model;Mixed integer linear programming;Optimization;Piecewise linear approximation;AC optimal power flow;convexification;distribution systems;mixed-integer linear programming},
doi={10.1109/TPWRS.2014.2304539},
ISSN={0885-8950},}


@ARTICLE{Richardson2012,
author={Richardson, P. and Flynn, D. and Keane, A.},
journal={Power Systems, IEEE Transactions on},
title={Optimal Charging of Electric Vehicles in Low-Voltage Distribution Systems},
year={2012},
month={Feb},
volume={27},
number={1},
pages={268-279},
keywords={battery powered vehicles;linear programming;electric vehicles;linear programming;low voltage distribution systems;optimal charging rate;Batteries;Electricity;Load modeling;Loading;Power cables;Sensitivity;Thermal loading;Linear programming;load flow analysis;optimization methods;power distribution;road vehicle electric propulsion},
doi={10.1109/TPWRS.2011.2158247},
ISSN={0885-8950},}


@ARTICLE{Deo1997,
author={Deo, A.S. and Walker, I.D.},
journal={Robotics and Automation, IEEE Transactions on},
title={Minimum effort inverse kinematics for redundant manipulators},
year={1997},
month={Oct},
volume={13},
number={5},
pages={767-775},
keywords={Jacobian matrices;duality (mathematics);manipulator kinematics;optimisation;redundancy;velocity control;Jacobian matrix;duality;infinity norm;inverse kinematics;joint limit avoidance;joint velocity vector;obstacle avoidance;optimization;redundant arms;redundant manipulators;Arm;H infinity control;Jacobian matrices;Kinematics;Kinetic energy;Manipulators;Motion control;Optimization methods;Orbital robotics;Robots},
doi={10.1109/70.631238},
ISSN={1042-296X},}



@ARTICLE{Gravagne2000,
author={Gravagne, I.A. and Walker, I.D.},
journal={Robotics and Automation, IEEE Transactions on},
title={On the structure of minimum effort solutions with application to kinematic redundancy resolution},
year={2000},
month={Dec},
volume={16},
number={6},
pages={855-863},
keywords={Jacobian matrices;matrix inversion;optimisation;redundant manipulators;closed-form expression;discontinuity;four-link robots;kinematic redundancy resolution;minimum effort solutions;minimum infinity norm solution;nonuniqueness;optimization criterion;solution vector;Closed-form solution;Control systems;End effectors;H infinity control;Intelligent robots;Kinematics;Legged locomotion;Manipulators;Mathematics;Testing},
doi={10.1109/70.897797},
ISSN={1042-296X},}

@article{Moore1920,
    author = {Moore, E. H.},
    citeulike-article-id = {1370193},
    year = {1920},
    journal = {Bulletin of the American Mathematical Society},
    keywords = {pseudoinverse},
    pages = {394--395},
    posted-at = {2007-06-07 13:19:52},
    priority = {2},
    title = {{On the reciprocal of the general algebraic matrix}},
    volume = {26}
}



@ARTICLE{Cardenas2012,
author={Cardenas, R. and Juri, C. and Pena, R. and Wheeler, P. and Clare, J.},
journal={Power Electronics, IEEE Transactions on},
title={The Application of Resonant Controllers to Four-Leg Matrix Converters Feeding Unbalanced or Nonlinear Loads},
year={2012},
month={March},
volume={27},
number={3},
pages={1120-1129},
keywords={AC-AC power convertors;capacitors;closed loop systems;controllers;matrix convertors;MC-based generation system;ac-ac power conversion;back-to-back pulsewidth modulation;four-leg matrix converters feeding unbalanced;high-order resonant controllers;nonlinear loads;resonant control system;resonant controllers;semiconductor devices;unbalanced three-phase stand-alone load;voltage-source converters;zero-sequence load current;Control systems;Matrix converters;Resonant frequency;Support vector machines;Topology;Transfer functions;Voltage control;AC�AC power conversion;power generation},
doi={10.1109/TPEL.2011.2128889},
ISSN={0885-8993},}


@INPROCEEDINGS{Ziani2011,
author={Ziani, A.C. and Llor, A.M. and Fadel, M.},
booktitle={Power Electronics and Applications (EPE 2011), Proceedings of the 2011-14th European Conference on},
title={Model predictive current controller for four-leg converters under unbalanced conditions},
year={2011},
month={Aug},
pages={1-10},
keywords={electric current control;power convertors;predictive control;active control;current projections;four leg converters;geometrical properties;model predictive current controller;null vectors;switch control signals;voltage reference calculation;Active filters;Power conversion;Switches;Tin;Voltage control;Control Methods for Electrical Systems;Converter Control;Multiphase Drive;Voltage Source Converter (VSC)},}


@ARTICLE{Bouafia2010,
author={Bouafia, A. and Gaubert, J-P and Krim, F.},
journal={Power Electronics, IEEE Transactions on},
title={Predictive Direct Power Control of Three-Phase Pulsewidth Modulation (PWM) Rectifier Using Space-Vector Modulation (SVM)},
year={2010},
month={Jan},
volume={25},
number={1},
pages={228-236},
keywords={PI control;PWM rectifiers;predictive control;switching convertors;DPC;PWM rectifier;SVM;active-reactive power tracking error cancellation;predictive direct power control;rectifier average voltage vector;space-vector modulation;three-phase pulsewidth modulation;virtual flux position;voltage vector;Deadbeat control;direct power control;instantaneous powers;predictive control;pulsewidth modulation (PWM) rectifier;space-vector modulation (SVM);unity power factor},
doi={10.1109/TPEL.2009.2028731},
ISSN={0885-8993},}


@ARTICLE{Yaramasu2013,
author={Yaramasu, V. and Rivera, M. and Bin Wu and Rodriguez, J.},
journal={Power Electronics, IEEE Transactions on},
title={Model Predictive Current Control of Two-Level Four-Leg Inverters;Part I: Concept, Algorithm, and Simulation Analysis},
year={2013},
month={July},
volume={28},
number={7},
pages={3459-3468},
keywords={discrete time systems;electric current control;invertors;perturbation techniques;power convertors;predictive control;balanced loads;converter efficiency;discrete-time model;filter parameters;four-leg inverters;linear loads;load currents;load parameters;model predictive current control strategy;neutral-leg switching frequency reduction algorithm;nonlinear loads;perturbations;simulation analysis;unbalanced loads;Cost function;Current control;Inverters;Load modeling;Mathematical model;Predictive models;Switches;Control systems;current control;dc�ac power conversion;digital control;discrete-time signals;distributed generation;finite control set (FCS) model predictive control (MPC);four-leg converters;grid-connected;shunt active power filters (SAPFs)},
doi={10.1109/TPEL.2012.2227509},
ISSN={0885-8993},}


@ARTICLE{Zhang2014,
author={Zhang, M. and Atkinson, D. and Ji, B. and Armstrong, M. and Ma, M.},
journal={Power Electronics, IEEE Transactions on},
title={A Near-State Three-Dimensional Space Vector Modulation for a Three-Phase Four-Leg Voltage Source Inverter},
year={2014},
month={},
volume={PP},
number={99},
pages={1-1},
keywords={Educational institutions;Electromagnetic interference;Inverters;Modulation;Support vector machines;Switches;Vectors},
doi={10.1109/TPEL.2013.2297205},
ISSN={0885-8993},}


@ARTICLE{Dujic2009,
author={Dujic, D. and Jones, M. and Vukosavic, S.N. and Levi, E.},
journal={Industrial Electronics, IEEE Transactions on},
title={A General PWM Method for a (2n + 1) -Leg Inverter Supplying n Three-Phase Machines},
year={2009},
month={Oct},
volume={56},
number={10},
pages={4107-4118},
keywords={AC machines;PWM invertors;closed loop systems;electric current control;machine vector control;ac machine control;closed-loop current-controlled mode;general PWM method;inverter topologies;leg inverter;n three-phase machines;pulsewidth modulation method;the bus voltage;vector control;voltage source inverter; $V/f$ control;Multimachine drive systems;pulsewidth modulation (PWM);reduced switch-count topologies;vector control},
doi={10.1109/TIE.2009.2014909},
ISSN={0278-0046},}


@ARTICLE{Liu2013,
author={Zeng Liu and Jinjun Liu and Jin Li},
journal={Industrial Electronics, IEEE Transactions on},
title={Modeling, Analysis, and Mitigation of Load Neutral Point Voltage for Three-Phase Four-Leg Inverter},
year={2013},
month={May},
volume={60},
number={5},
pages={2010-2021},
keywords={PWM invertors;filters;uninterruptible power supplies;LNPV;common mode filter;high-power uninterruptible power supply application;load neutral point voltage mitigation;power loss;three-phase four-leg inverter;Inductance;Integrated circuits;Inverters;Pulse width modulation;Switches;Uninterruptible power systems;Vectors;Load neutral point voltage (LNPV);PWM strategy;power losses;three-phase four-leg inverter;uninterruptible power supply (UPS)},
doi={10.1109/TIE.2012.2207653},
ISSN={0278-0046},}


@INPROCEEDINGS{Zhang2012_Newcastle,
author={Min Zhang and Atkinson, D. and Armstrong, M.},
booktitle={IECON 2012 - 38th Annual Conference on IEEE Industrial Electronics Society},
title={A zero-sequence component injected PWM method with reduced switching losses and suppressed common-mode voltage for a three-phase four-leg voltage source inverter},
year={2012},
month={Oct},
pages={5068-5073},
keywords={PWM invertors;digital signal processing chips;losses;3D SVM;CBPWM;CMV noise;DSP system;NSPWM method;VSI;carrier-based pulse width modulation;common mode voltage noise;common-mode voltage suppression;injected PWM method;near-state pulse width modulation method;switching loss reduction;three-dimensional space vector modulation;three-phase four-leg voltage source inverter;zero-sequence component;Support vector machines},
doi={10.1109/IECON.2012.6389561},
ISSN={1553-572X},}


@ARTICLE{Fernandes2013,
author={Fernandes, D.A. and Costa, F.F. and dos Santos, E.C.},
journal={Industrial Electronics, IEEE Transactions on},
title={Digital-Scalar PWM Approaches Applied to Four-Leg Voltage-Source Inverters},
year={2013},
month={May},
volume={60},
number={5},
pages={2022-2030},
keywords={PWM invertors;harmonic distortion;power supply quality;digital-scalar PWM approach;digital-scalar pulsewidth modulation;four-leg voltage-source inverters;harmonic distortion;power switching loss;symmetrical components;three-leg inverter control;unbalanced voltage generation;voltage reference signal decomposition;Equations;Inverters;Space vector pulse width modulation;Switches;Vectors;Dynamic voltage restorer;four-leg voltage-source inverter (VSI);pulsewidth modulation (PWM);scalar PWM;space vector PWM (SVPWM);switching loss;unbalanced voltages;zero sequence},
doi={10.1109/TIE.2012.2217712},
ISSN={0278-0046},}


@ARTICLE{Ryan2001,
author={Ryan, M.J. and De Doncker, R.W. and Lorenz, R.D.},
journal={Power Electronics, IEEE Transactions on},
title={Decoupled control of a four-leg inverter via a new 4 times;4 transformation matrix},
year={2001},
month={Sep},
volume={16},
number={5},
pages={694-701},
keywords={electric current control;invertors;uninterruptible power supplies;3-DOF output-voltage space;3-phase 4-wire inverters;4�4 Quad transform;4�4 transformation matrix;4-to-3 abcn-qdo transform;8.6 kVA;UPS-style inverter;current control;decoupled control;four degree-of-freedom leg-modulation space;four-leg inverter;nonlinear three-phase loads powering;sinewave output;synchronous-frame control techniques;unbalanced three-phase loads powering;voltage-vectors;Circuit testing;Circuit topology;Control systems;Leg;Phase modulation;Power electronics;Prototypes;Pulse width modulation inverters;Uninterruptible power systems;Voltage control},
doi={10.1109/63.949502},
ISSN={0885-8993},}


@ARTICLE{kim_sul_2004, 
author={Jang-Hwan Kim and Seung-Ki Sul}, 
journal={Power Electronics, IEEE Transactions on}, 
title={A carrier-based PWM method for three-phase four-leg voltage source converters}, 
year={2004}, 
month={Jan}, 
volume={19}, 
number={1}, 
pages={66-75}, 
keywords={PWM power convertors;pulsewidth modulation method;space vector PWM method;three-phase four-leg voltage source converters;triangular carrier wave;voltage modulation method;zero sequence voltage;Computer simulation;Feedforward systems;Hysteresis;Leg;Optimal control;Pulse width modulation;Pulse width modulation converters;Space vector pulse width modulation;Topology;Voltage control}, 
doi={10.1109/TPEL.2003.820559}, 
ISSN={0885-8993},}


@ARTICLE{perales_2003, 
author={Perales, M.A. and Prats, M.M. and Portillo, R. and Mora, J.L. and Leon, J.I. and Franquelo, L.G.}, 
journal={Power Electronics Letters, IEEE}, 
title={Three-dimensional space vector modulation in abc coordinates for four-leg voltage source converters}, 
year={2003}, 
month={Dec}, 
volume={1}, 
number={4}, 
pages={104-109}, 
keywords={PWM power convertors;active filters;abc coordinates;active filters;four-leg voltage source converters;neutral current control;power converter topologies;space vector modulation;zero sequence current;zero sequence voltage;Active filters;Capacitors;Circuit topology;Current control;Inverters;Leg;Phase modulation;Rectifiers;Voltage control;Zero voltage switching}, 
doi={10.1109/LPEL.2004.825553}, 
ISSN={1540-7985},}


@article{kouzou2011space,
  title={The Space Vector Modulation PWM Control Methods Applied on Four Leg Inverters},
  author={Kouzou, A and Mahmoudi, MO and Boucherit, MS},
  journal={Electric Machines and Drives},
  year={2011}
}


@article{li2011analysis,
  title={Analysis and simplification of three-dimensional space vector PWM for three-phase four-leg inverters},
  author={Li, Xiangsheng and Deng, Zhiquan and Chen, Zhida and Fei, Qingzhao},
  journal={Industrial Electronics, IEEE Transactions on},
  volume={58},
  number={2},
  pages={450--464},
  year={2011},
  publisher={IEEE}
}


@ARTICLE{zhang_2002, 
author={Zhang, R. and Prasad, V.H. and Boroyevich, D. and Lee, F.C.}, 
journal={Power Electronics, IEEE Transactions on}, 
title={Three-dimensional space vector modulation for four-leg voltage-source converters}, 
year={2002}, 
month={May}, 
volume={17}, 
number={3}, 
pages={314-326}, 
keywords={active filters;invertors;rectifying circuits;100 kW;20 kHz;3D SVM;5 kHz;active filter;four-leg inverter;four-leg rectifier;four-leg voltage-source converters;inverter;neutral connection;neutral current;nonlinear load;rectifier;three-dimensional space vector modulation;three-phase four-wire systems;unbalanced load;unbalanced source;Active filters;Capacitors;Leg;Power generation;Pulse width modulation converters;Pulse width modulation inverters;Rectifiers;Space vector pulse width modulation;Support vector machines;Voltage}, 
doi={10.1109/TPEL.2002.1004239}, 
ISSN={0885-8993},}

@misc{matuljak2012apparatus,
  title={The apparatus compensating ground currents connected to phase conductors of a distribution system},
  author={Matuljak, I. and PEROUTKA, Z.},
  url={https://www.google.com/patents/WO2012013166A1?cl=en},
  year={2012},
  month=feb # "~2",
  publisher={Google Patents},
  note={WO Patent App. PCT/CZ2010/000,085}
}


@INPROCEEDINGS{Komrska2013,
author={Komrska, T. and Peroutka, Z. and Matuljak, I.},
booktitle={Industrial Electronics Society, IECON 2013 - 39th Annual Conference of the IEEE},
title={Distributed compensation including earth fault compensation for renewable energy resources},
year={2013},
month={Nov},
pages={643-648},
keywords={earthing;fault currents;invertors;power grids;renewable energy sources;3-phase insulated power grid;4-phase voltage-source inverter;AC power grid;conventional 3-phase inverters;current symmetry recovery;distributed compensation;earth fault compensation;earth fault current suppression;high-impedance grounded power grid;mathematical model;power grid;renewable energy resources;single-phase earth fault;Earth;Fault currents;Inverters;Mathematical model;Power generation;Power grids;Vectors;fault current compensation;power supply sustainability;renewable energy resources;single-phase earth fault},
doi={10.1109/IECON.2013.6699210},
ISSN={1553-572X},}

@INPROCEEDINGS{Hosseini2009,
author={Hosseini, S.H. and Danyali, S. and Yazdanpanah Goharrizi, A. and Sarhangzadeh, M.},
booktitle={Industrial Electronics, 2009. ISIE 2009. IEEE International Symposium on},
title={Three-phase four-wire grid-connected PV power supply with accurate MPPT for unbalanced nonlinear load compensation},
year={2009},
month={July},
pages={1099-1104},
keywords={active filters;fuzzy control;fuzzy neural nets;photovoltaic power systems;power engineering computing;power filters;power generation control;PQ0 transformation;PSCAD/EMTDC software;active filter compensator;fuzzy logic incremental conductance;grid-connected photovoltaic power supply;maximum power point operation tracking;power conversion system;power generator;unbalanced nonlinear load compensation;Active filters;Control systems;Load management;Mesh generation;Photovoltaic systems;Power conversion;Power generation;Power harmonic filters;Power supplies;Solar power generation},
doi={10.1109/ISIE.2009.5216180},}


@ARTICLE{Sawant2009,
author={Sawant, R.R. and Chandorkar, M.C.},
journal={Industry Applications, IEEE Transactions on},
title={A Multifunctional Four-Leg Grid-Connected Compensator},
year={2009},
month={Jan},
volume={45},
number={1},
pages={249-259},
keywords={PWM power convertors;compensation;digital control;electric current control;power filters;power grids;power supply quality;power system control;3-D space vector modulator;active power filters;dead-beat current control;digital controller;digital signal processor field-programmable gate array platform;grid-connected converter system;multifunctional four-leg grid-connected compensator;p-q-r theory;power quality compensator;pulse width modulation waveform generation;three-phase four-wire power system;Active filters;Digital control;Fuel cells;Power markets;Power quality;Power system simulation;Pulse power systems;Pulse width modulation;Solar power generation;Wind energy generation;3-D space vector modulation; $phbox{-}qhbox{-}r$ theory;Active power filter (APF);active rectifier;dead-beat current control;multifunctional compensator},
doi={10.1109/TIA.2008.2009704},
ISSN={0093-9994},}

@INPROCEEDINGS{Li&Zhuo2009,
author={Jing Li and Fang Zhuo and Xianwei Wang and Lin Wang and Song Ni},
booktitle={Power Electronics and Motion Control Conference, 2009. IPEMC '09. IEEE 6th International},
title={A grid-connected PV system with power quality improvement based on boost + dual-level four-leg inverter},
year={2009},
month={May},
pages={436-440},
keywords={PWM invertors;photovoltaic power systems;power convertors;power grids;power supply quality;Bode plots;boost converter;current loop;dual-level four-leg inverter;grid-connected PV system;open loop gain;photovoltaic system;power quality improvement;voltage loop;Active filters;Control systems;Inverters;Mesh generation;Open loop systems;Photovoltaic systems;Power generation;Power quality;Solar power generation;Voltage control},
doi={10.1109/IPEMC.2009.5157427},}

@INPROCEEDINGS{Kanaan2007,
author={Kanaan, H.-Y. and Hayek, A. and Al-Haddad, K. and Rahmani, S.},
booktitle={Industrial Electronics Society, 2007. IECON 2007. 33rd Annual Conference of the IEEE},
title={Carrier-Based Linear Decoupling Control of a Three-Phase Four-Leg Shunt Active Power Filter},
year={2007},
month={Nov},
pages={1839-1844},
keywords={active filters;electric current control;power harmonic filters;power supply quality;reactive power;Matlab-Simulink;carrier-based linear decoupling control;constant-frequency control scheme;current distortion compensation;current harmonics;embedded current control scheme;nonlinear loads;power quality;reactive power;three-phase four-leg shunt active power filter;voltage loop control;Active filters;Mathematical model;Power generation economics;Power harmonic filters;Power quality;Power system harmonics;Reactive power;STATCOM;Topology;Voltage control},
doi={10.1109/IECON.2007.4459970},
ISSN={1553-572X},}

@INPROCEEDINGS{Pinto2009,
author={Pinto, J.G. and Neves, P. and Goncalves, D. and Afonso, J.L.},
booktitle={Industrial Electronics, 2009. IECON '09. 35th Annual Conference of IEEE},
title={Field results on developed three-phase four-wire Shunt Active Power Filters},
year={2009},
month={Nov},
pages={480-485},
keywords={active filters;digital control;invertors;power filters;digital controller;instantaneous reactive power theory;optimized periodic sampling strategy;power factor;three-phase four-wire shunt active power filters;two-level four-leg inverter;Active filters;Control systems;Inverters;Passive filters;Power harmonic filters;Power system harmonics;Reactive power;Reactive power control;Shunt (electrical);Voltage},
doi={10.1109/IECON.2009.5414969},
ISSN={1553-572X},}

@INPROCEEDINGS{Gous2004,
author={Gous, M.G.F. and Beukes, H.J.},
booktitle={Power Electronics Specialists Conference, 2004. PESC 04. 2004 IEEE 35th Annual},
title={Sliding mode control for a three-phase shunt active power filter utilizing a four-leg voltage source inverter},
year={2004},
month={June},
volume={6},
pages={4609-4615 Vol.6},
keywords={active filters;electric current control;invertors;power filters;power supply quality;predictive control;variable structure systems;dq0 space;four-leg voltage source inverter;neutral inductor;predictive current controller;sliding mode control;three-phase shunt active power filter;Active filters;Africa;Inductors;Inverters;Power system modeling;Predictive models;Shunt (electrical);Sliding mode control;Topology;Voltage},
doi={10.1109/PESC.2004.1354815},
ISSN={0275-9306},}

@INPROCEEDINGS{daSilva2010,
author={da Silva, S.A.O. and Modesto, R.A. and Goedtel, A. and Nascimento, C.F.},
booktitle={Industrial Electronics (ISIE), 2010 IEEE International Symposium on},
title={Compensation Algorithms Applied to Power Quality conditioners in three-phase four-wire systems},
year={2010},
month={July},
pages={730-735},
keywords={PWM power convertors;compensation;power factor correction;power supply quality;power system harmonics;uninterruptible power supplies;current unbalances;four-leg PWM converters;harmonic current suppression;line-interactive uninterruptible power supply system;load harmonic currents;power factor correction;power quality conditioners;reactive power compensation;synchronous reference frame method;three-phase four-wire systems;unified power quality conditioner;utility voltage harmonics;voltage unbalances;Active filters;Converters;Harmonic analysis;Power harmonic filters;Power quality;Uninterruptible power systems;Voltage control},
doi={10.1109/ISIE.2010.5637810},}

@INPROCEEDINGS{Monteiro2012,
author={Monteiro, L. F C and Pinto, J.G. and Afonso, J.L. and Bellar, M. D.},
booktitle={IECON 2012 - 38th Annual Conference on IEEE Industrial Electronics Society},
title={A three-phase four-wire Unified Power Quality Conditioner without series transformers},
year={2012},
month={Oct},
pages={168-173},
keywords={compensation;power grids;power supply quality;PLL;UPQC;fundamental positive-sequence component;harmonic-component compensation;instantaneous power definitions;phase angle detection;power factor;power topology;robust synchronizing circuit;short-duration voltage variations;three-phase four-wire electrical grid;three-phase four-wire unified power quality conditioner;trustworthy model;unbalanced-component compensation;Power systems;Robustness;Switches;UPQC topology;custom power conditioners;instantaneous active;non-active currents;power quality},
doi={10.1109/IECON.2012.6388813},
ISSN={1553-572X},}

@ARTICLE{Khadkikar2009,
author={Khadkikar, V. and Chandra, A.},
journal={Industry Applications, IEEE Transactions on},
title={A Novel Structure for Three-Phase Four-Wire Distribution System Utilizing Unified Power Quality Conditioner (UPQC)},
year={2009},
month={Sept},
volume={45},
number={5},
pages={1897-1902},
keywords={active filters;distribution networks;invertors;power filters;power supply quality;active power filters;distribution system;series transformer;unbalanced load currents;unified power quality conditioner;voltage source inverters;Conductors;Inverters;MATLAB;Modeling;Power generation;Power harmonic filters;Power quality;Power system harmonics;Topology;Wire;Active power filter (APF);four-leg voltage-source inverter (VSI) structure;three-phase four-wire (3P4W) system;unified power quality conditioner (UPQC)},
doi={10.1109/TIA.2009.2027147},
ISSN={0093-9994},}

@INPROCEEDINGS{Kelly2001, 
author={Kelly, J.W. and Strangas, E.G. and Miller, J.M.}, 
booktitle={Electric Machines and Drives Conference, 2001. IEMDC 2001. IEEE International}, 
title={Multi-phase inverter analysis}, 
year={2001}, 
month={}, 
pages={147-155}, 
keywords={PWM invertors;induction motors;machine control;(n-1)/2 load circuit configurations;induction motor control;inverter load circuit;maximum magnitude subset;multi-leg multi-phase inverter;multi-phase inverter analysis;n-phase space vector pulse width modulation;phase to source current ratio determination;pole-phase modulation;pole-phase ratio adjustment;space vectors;waveforms;Automotive engineering;Equivalent circuits;Impedance;Leg;Pulse inverters;Pulse width modulation inverters;Space vector pulse width modulation;Space vehicles;Switches;Voltage}, 
doi={10.1109/IEMDC.2001.939290},}

@INPROCEEDINGS{Ojo2005, 
author={Ojo, O. and Gan Dong}, 
booktitle={Industry Applications Conference, 2005. Fourtieth IAS Annual Meeting. Conference Record of the 2005}, 
title={Generalized discontinuous carrier-based PWM modulation scheme for multi-phase converter-machine systems}, 
year={2005}, 
month={Oct}, 
volume={2}, 
pages={1374-1381 Vol. 2}, 
keywords={PWM power convertors;electric machines;complex-variable form;expanded reference frame transformation;generalized discontinuous carrier-based PWM modulation scheme;modulation signals;multiphase converter-machine systems;pulse-width modulation;six-phase converter-electric machines;triangle voltage waveform synthesis;Electric machines;Frequency conversion;Genetic expression;Phase modulation;Pulse generation;Pulse modulation;Pulse width modulation;Pulse width modulation converters;Signal synthesis;Voltage}, 
doi={10.1109/IAS.2005.1518539}, 
ISSN={0197-2618},}

@article{hava1999simple,
  title={Simple analytical and graphical methods for carrier-based PWM-VSI drives},
  author={Hava, Ahmet M and Kerkman, Russel J and Lipo, Thomas A},
  journal={Power Electronics, IEEE Transactions on},
  volume={14},
  number={1},
  pages={49--61},
  year={1999},
  publisher={IEEE}
}

@ARTICLE{Lipo1995, 
author={Zhao, Y. and Lipo, T.A.}, 
journal={Industry Applications, IEEE Transactions on}, 
title={Space vector PWM control of dual three-phase induction machine using vector space decomposition}, 
year={1995}, 
month={Sep}, 
volume={31}, 
number={5}, 
pages={1100-1109}, 
keywords={PWM invertors;induction motor drives;machine control;machine theory;power system harmonics;dual three-phase induction machine;electric drives;electromechanical energy conversion;harmonic currents limiting;nonelectromechanical energy conversion;space vector PWM control;two-dimensional orthogonal subspaces;vector space decomposition;voltage source inverter;Control systems;Electric machines;Electric variables control;Energy conversion;Functional analysis;Induction machines;Milling machines;Pulse width modulation inverters;Space vector pulse width modulation;Voltage}, 
doi={10.1109/28.464525}, 
ISSN={0093-9994},}

@ARTICLE{Levi2012, 
author={Dordevic, O. and Levi, E. and Jones, M.}, 
journal={Power Electronics, IEEE Transactions on}, 
title={A Vector Space Decomposition Based Space Vector PWM Algorithm for a Three-Level Seven-Phase Voltage Source Inverter}, 
year={2013}, 
month={Feb}, 
volume={28}, 
number={2}, 
pages={637-649}, 
keywords={PWM invertors;drives;equivalent carrier-based strategy;five-phase three-level SVPWM algorithm;multidimensional space vector projections;multiphase systems;neutral-point clamped inverter;orthogonal planes;real-time implementation;seven-phase system;seven-phase three-level inverter;space vector PWM algorithm;space vector pulsewidth modulation;space vector strategies;three-level seven-phase voltage source inverter;variable-speed drive;vector space decomposition;Algorithm design and analysis;Inverters;Space vector pulse width modulation;Switches;Vectors;Carrier-based pulsewidth modulation (PWM);seven-phase;space vector pulsewidth modulation (SVPWM);three-level;vector space decomposition (VSD)}, 
doi={10.1109/TPEL.2012.2203148}, 
ISSN={0885-8993},}

@ARTICLE{Levi2011, 
author={Lopez, O. and Dujic, D. and Jones, M. and Freijedo, F.D. and Doval-Gandoy, J. and Levi, E.}, 
journal={Industrial Electronics, IEEE Transactions on}, 
title={Multidimensional Two-Level Multiphase Space Vector PWM Algorithm and Its Comparison With Multifrequency Space Vector PWM Method}, 
year={2011}, 
month={Feb}, 
volume={58}, 
number={2}, 
pages={465-475}, 
keywords={PWM invertors;PWM power convertors;induction motor drives;power supplies to apparatus;multidimensional two level multiphase space vector PWM algorithm;multifrequency space vector PWM method;multilevel multiphase space vector pulsewidth modulation algorithm;series connected induction motor drive;two level voltage source converter;voltage source inverter;Modulation index range;multifrequency pulsewidth modulation (PWM);multiphase voltage-source converter;space vector PWM (SVPWM)}, 
doi={10.1109/TIE.2010.2047826}, 
ISSN={0278-0046},}

@INPROCEEDINGS{Levi2006, 
author={Duran, M.J. and Levi, E.}, 
booktitle={IEEE Industrial Electronics, IECON 2006 - 32nd Annual Conference on}, 
title={Multi-Dimensional Approach to Multi-Phase Space Vector Pulse Width Modulation}, 
year={2006}, 
month={Nov}, 
pages={2103-2108}, 
keywords={PWM invertors;mathematical analysis;mathematical analysis;multidimensional approach;multidimensional space approach;multiphase space vector pulse width modulation;multiphase voltage source inverters;space vector PWM technique;two-dimensional space;voltage space vectors;Machine windings;Mathematical analysis;Motor drives;Multidimensional systems;Production;Pulse width modulation inverters;Space vector pulse width modulation;Stators;Torque;Zero voltage switching}, 
doi={10.1109/IECON.2006.347436}, 
ISSN={1553-572X},}

@ARTICLE{Parsa2005, 
author={Parsa, L. and Toliyat, H.A.}, 
journal={Industry Applications, IEEE Transactions on}, 
title={Five-phase permanent-magnet motor drives}, 
year={2005}, 
month={Jan}, 
volume={41}, 
number={1}, 
pages={30-37}, 
keywords={controllability;electric potential;finite element analysis;machine vector control;permanent magnet motors;synchronous motor drives;torque;BLDC;PMSM controllability;back electromotive force;brushless DC motor;concentrated windings;current harmonics;finite element method;five-phase brushless permanent magnet motor drives;flux density;static torque;vector control;Brushless DC motors;Brushless motors;Controllability;DC generators;DC motors;Equations;Machine vector control;Permanent magnet motors;Synchronous motors;Torque}, 
doi={10.1109/TIA.2004.841021}, 
ISSN={0093-9994},}

@ARTICLE{Levi2008, 
author={Levi, E.}, 
journal={Industrial Electronics, IEEE Transactions on}, 
title={Multiphase Electric Machines for Variable-Speed Applications}, 
year={2008}, 
month={May}, 
volume={55}, 
number={5}, 
pages={1893-1909}, 
keywords={electric power generation;invertors;motor drives;reviews;control schemes;electric energy generation;multiphase electric machines;multiphase machines;multiphase voltage source inverter control;variable-speed drives;Multiphase electric machines;multiphase electric machines;multiphase variable speed drives;multiphase variable-speed drives;multiphase voltage source inverters;multiphase voltage-source inverters (VSIs)}, 
doi={10.1109/TIE.2008.918488}, 
ISSN={0278-0046},}

@ARTICLE{Levi2007, 
author={Levi, E. and Bojoi, R. and Profumo, F. and Toliyat, H.A. and Williamson, S.}, 
journal={Electric Power Applications, IET}, 
title={Multiphase induction motor drives - a technology status review}, 
year={2007}, 
month={July}, 
volume={1}, 
number={4}, 
pages={489-516}, 
keywords={PWM invertors;induction motor drives;machine vector control;torque control;variable speed drives;PWM control;asymmetrical six-phase induction motor drives;direct torque control schemes;fault tolerant strategies;multiphase induction motor drives;multiphase multimotor drives;multiphase variable-speed motor drives;multiphase voltage source inverters;single inverter supply;vector control}, 
doi={10.1049/iet-epa:20060342}, 
ISSN={1751-8660},}

@ARTICLE{Lopez2009, 
author={Lopez, O. and Alvarez, J. and Doval-Gandoy, J. and Freijedo, F.D.}, 
journal={Industrial Electronics, IEEE Transactions on}, 
title={Multilevel Multiphase Space Vector PWM Algorithm With Switching State Redundancy}, 
year={2009}, 
month={March}, 
volume={56}, 
number={3}, 
pages={792-804}, 
keywords={AC motors;PWM invertors;PWM power convertors;field programmable gate arrays;redundancy;switching convertors;computational complexity;field-programmable gate array;five-level five-phase inverter fed motor;multilevel converters;multilevel multiphase space vector PWM algorithm;multiphase machines;space vector pulse width modulation;switching state redundancy;voltage source converters;Field-programmable gate array (FPGA);multilevel converter;multiphase machine;space vector pulsewidth modulation (SVPWM);switching state redundancy}, 
doi={10.1109/TIE.2008.2004390}, 
ISSN={0278-0046},}

@INPROCEEDINGS{Ojo2006_5ph, 
author={Ojo, O. and Gan Dong and Zhiqiao Wu}, 
booktitle={Industry Applications Conference, 2006. 41st IAS Annual Meeting. Conference Record of the 2006 IEEE}, 
title={Pulse-Width Modulation for Five-Phase Converters Based on Device Turn-on Times}, 
year={2006}, 
month={Oct}, 
volume={2}, 
pages={627-634}, 
keywords={PWM power convertors;digital signal processing chips;electric locomotives;electric propulsion;hybrid electric vehicles;PWM scheme;TMS DSP;carrier-based modulation waveforms;device turn-on times;electric locomotives;electric ship propulsions;high order phase electric machines;high power electric motor drives;high reliability electric motor drives;hybrid electric vehicles;multiphase converters;pulse-width modulation;switching devices;Electric motors;Frequency conversion;Hybrid electric vehicles;Marine vehicles;Propulsion;Pulse modulation;Pulse width modulation converters;Switches;Switching converters;Voltage;multi-phase converter;pulse width modulation;space vector;turn-on times}, 
doi={10.1109/IAS.2006.256592}, 
ISSN={0197-2618},}

@INPROCEEDINGS{Gataric2000, 
author={Gataric, S.}, 
booktitle={Industry Applications Conference, 2000. Conference Record of the 2000 IEEE}, 
title={A polyphase cartesian vector approach to control of polyphase AC machines}, 
year={2000}, 
month={}, 
volume={3}, 
pages={1648-1654 vol.3}, 
keywords={AC machines;DC-AC power convertors;control system analysis;control system synthesis;invertors;machine theory;machine vector control;control design;control simulation;degrees of freedom;five-phase AC machines;five-phase inverter;orthonormal system;phase axes;polyphase AC machines control;polyphase cartesian vector approach;AC machines;Algorithm design and analysis;Cities and towns;Control systems;Equations;Functional analysis;Inverters;Leg;Vectors;Wire}, 
doi={10.1109/IAS.2000.882102}, 
ISSN={0197-2618},}

@book{rodriguez2012predictive,
  title={Predictive control of power converters and electrical drives},
  author={Rodriguez, Jose and Cortes, Patricio},
  volume={40},
  year={2012},
  publisher={John Wiley \& Sons}
}

@INPROCEEDINGS{Iqbal2014, 
author={Iqbal, A. and Alammari, R. and Mosa, M. and Abu-Rub, H.}, 
booktitle={Industrial Electronics (ISIE), 2014 IEEE 23rd International Symposium on}, 
title={Finite set model predictive current control with reduced and constant common mode voltage for a five-phase voltage source inverter}, 
year={2014}, 
month={June}, 
pages={479-484}, 
keywords={electric current control;invertors;predictive control;MPC;bearing current;constant CMV;constant common mode voltage;electric drive;finite set model predictive current control;five-phase voltage source inverter;multiphase drives;voltage gain;Aerospace electronics;Current control;Inverters;Predictive models;Switches;Vectors;Voltage control;Common mode voltage;Current control;Five-phase inverter;Model Predictive control;Multi-phase}, 
doi={10.1109/ISIE.2014.6864660},}

@ARTICLE{Levi2011Predictive,
author={Barrero, F. and Prieto, J. and Levi, E. and Gregor, R. and Toral, S. and Duran, M.J. and Jones, M.},
journal={Industrial Electronics, IEEE Transactions on},
title={An Enhanced Predictive Current Control Method for Asymmetrical Six-Phase Motor Drives},
year={2011},
month={Aug},
volume={58},
number={8},
pages={3242-3252},
keywords={AC motor drives;PI control;electric current control;power convertors;predictive control;stators;torque;PI controllers;asymmetrical dual three-phase ac drive;asymmetrical six-phase motor drives;carrier-based PWM techniques;current regulation;current response;multiphase power converters;predictive current control;space vector PWM techniques;stator current harmonic components;stator current harmonic suppression;switching frequency;torque response;Converters;Current control;Predictive control;Predictive models;Stator windings;Switches;Current control;multiphase machines;predictive control},
doi={10.1109/TIE.2010.2089943},
ISSN={0278-0046},}

@ARTICLE{Klingshirn1983, 
author={Klingshirn, E.A.}, 
journal={Power Apparatus and Systems, IEEE Transactions on}, 
title={High Phase Order Induction Motors - Part I-Description and Theoretical Considerations}, 
year={1983}, 
month={Jan}, 
volume={PAS-102}, 
number={1}, 
pages={47-53}, 
keywords={Coils;Electric vehicles;Induction motors;Inverters;Power system harmonics;Rotating machines;Rotors;Stators;Torque;Voltage}, 
doi={10.1109/TPAS.1983.317996}, 
ISSN={0018-9510},}

@ARTICLE{duran2013, 
author={Duran, M.J. and Prieto, J. and Barrero, F. and Riveros, J.A. and Guzman, H.}, 
journal={Industrial Electronics, IEEE Transactions on}, 
title={Space-Vector PWM With Reduced Common-Mode Voltage for Five-Phase Induction Motor Drives}, 
year={2013}, 
month={Oct}, 
volume={60}, 
number={10}, 
pages={4159-4168}, 
keywords={PWM invertors;induction motor drives;common-mode voltage reduction;current distortion;five-phase induction motor drives;five-phase modulation;generalized Clarke transformation;multiphase electrical drives;performance penalty;phase voltage;space vector pulse width modulation;voltage source invertors;Space vector pulse width modulation;Standards;Switches;Switching frequency;Vectors;Common-mode voltage (CMV);five-phase induction machines;multiphase systems;space-vector pulse width modulation (SVPWM)}, 
doi={10.1109/TIE.2012.2217719}, 
ISSN={0278-0046},}

@ARTICLE{LeviBodo2014, 
author={Bodo, N. and Jones, M. and Levi, E.}, 
journal={Industrial Electronics, IEEE Transactions on}, 
title={A Space Vector PWM With Common-Mode Voltage Elimination for Open-End Winding Five-Phase Drives With a Single DC Supply}, 
year={2014}, 
month={May}, 
volume={61}, 
number={5}, 
pages={2197-2207}, 
keywords={PWM invertors;induction motor drives;stators;CMV;VSD;common-mode voltage elimination;induction motor drives;isolated dc sources;machine terminals;multiphase open-end winding five-phase drives;open-end winding three-phase drive topology;single DC supply;space vector PWM techniques;space vector pattern;stator winding;switching sequences;switching states;two-level five-phase inverter;vector space decomposition;voltage reference;Induction motor drives;multiphase drives;open-end winding;pulse width modulation}, 
doi={10.1109/TIE.2013.2272273}, 
ISSN={0278-0046},}

@ARTICLE{LeviLim2014,
author={Chee Shen Lim and Levi, E. and Jones, M. and Rahim, N.A. and Hew, W.P.},
journal={Industrial Electronics, IEEE Transactions on},
title={FCS-MPC-Based Current Control of a Five-Phase Induction Motor and its Comparison with PI-PWM Control},
year={2014},
month={Jan},
volume={61},
number={1},
pages={149-163},
keywords={PI control;electric current control;induction motor drives;machine control;predictive control;FCS-MPC-based current control;PI-PWM control;finite-control-set model predictive control;five-phase induction motor;flux-torque operation;inverter switching states;multiphase drives;phase current ripples;proportional-integral pulsewidth modulation-based current control scheme;rotor flux orientation;Current control;Inverters;Radio frequency;Rotors;Switches;Torque;Vectors;Current control;model predictive control (MPC);multiphase inverters;multiphase machines;weighting factor},
doi={10.1109/TIE.2013.2248334},
ISSN={0278-0046},}

@ARTICLE{Barrero2014,
author={Prieto, J. and Barrero, F. and Duran, M.J. and Toral Marin, S. and Perales, M.A.},
journal={Industrial Electronics, IEEE Transactions on},
title={SVM Procedure for n -Phase VSI With Low Harmonic Distortion in the Overmodulation Region},
year={2014},
month={Jan},
volume={61},
number={1},
pages={92-97},
keywords={PWM invertors;electric drives;harmonic distortion;SVM;fundamental frequency;harmonic distortion;linear region;multiphase drive;n phase VSI;overmodulation region;space vector modulation;voltage source inverter;Educational institutions;Harmonic analysis;Pulse width modulation;Support vector machines;Switches;Vectors;Multiphase;overmodulation;space vector pulse width modulation},
doi={10.1109/TIE.2013.2240638},
ISSN={0278-0046},}

@INPROCEEDINGS{iqbal2006generalised, 
author={Iqbal, A. and Levi, E. and Jones, M. and Vukosavic, S.N.}, 
booktitle={Power Electronics Specialists Conference, 2006. PESC '06. 37th IEEE}, 
title={Generalised Sinusoidal PWM with Harmonic Injection for Multi-Phase VSIs}, 
year={2006}, 
month={June}, 
pages={1-7}, 
keywords={AC motor drives;PWM invertors;harmonics;ac machines;carrier-based PWM;dc bus voltage;dc link voltage;electric drives;fifth-harmonic injection;generalised sinusoidal PWM;multiphase motor drives;multiphase voltage source inverters;power electronics;series-connected five-phase two-motor drives;sinusoidal output phase voltages;space vector PWM;AC machines;Motor drives;Power electronics;Pulse inverters;Pulse width modulation;Pulse width modulation inverters;Space vector pulse width modulation;Voltage}, 
doi={10.1109/PESC.2006.1712206}, 
ISSN={0275-9306},}

@ARTICLE{iqbal2009comprehensive, 
author={Iqbal, A. and Moinuddin, S.}, 
journal={Power Electronics, IEEE Transactions on}, 
title={Comprehensive Relationship Between Carrier-Based PWM and Space Vector PWM in a Five-Phase VSI}, 
year={2009}, 
month={Oct}, 
volume={24}, 
number={10}, 
pages={2379-2390}, 
keywords={PWM invertors;carrier-based PWM;five-phase VSI;high-power variable-speed drive;multiphase machines;multiphase voltage source inverters;pulse width modulation control;space vector PWM;switching pattern;zero vector distribution;Analytical models;Frequency;Hybrid electric vehicles;Machine windings;Power electronics;Pulse inverters;Pulse width modulation inverters;Space vector pulse width modulation;Stator windings;Voltage control;Carrier-based;five-phase;pulsewidth modulation;space vector;voltage source inverter}, 
doi={10.1109/TPEL.2009.2029051}, 
ISSN={0885-8993},}

@INPROCEEDINGS{dujic2007continouspwm, 
author={Dujic, D. and Levi, E. and Jones, M. and Grandi, G. and Serra, G. and Tani, A.}, 
booktitle={Power Electronics Specialists Conference, 2007. PESC 2007. IEEE}, 
title={Continuous PWM Techniques for Sinusoidal Voltage Generation with Seven-Phase Voltage Source Inverters}, 
year={2007}, 
month={June}, 
pages={47-52}, 
keywords={PWM invertors;motor drives;power conversion harmonics;DC bus utilisation;continuous PWM techniques;digital signal processor;harmonic injection;multi phase motor drives;seven-phase voltage source inverters control;sinusoidal voltage generation;triangular zero-sequence injection;Digital signal processors;Functional analysis;Motor drives;Pulse inverters;Pulse width modulation;Pulse width modulation inverters;Space vector pulse width modulation;Stators;Switches;Voltage}, 
doi={10.1109/PESC.2007.4341959}, 
ISSN={0275-9306},}

@ARTICLE{broeck1988, 
author={van der Broeck, H.W. and Skudelny, H.-C. and Stanke, G.V.}, 
journal={Industry Applications, IEEE Transactions on}, 
title={Analysis and realization of a pulsewidth modulator based on voltage space vectors}, 
year={1988}, 
month={Jan}, 
volume={24}, 
number={1}, 
pages={142-150}, 
keywords={invertors;pulse width modulation;PWM;current distortions;modulation index;pulsewidth-modulated voltage source inverters;switching times;torque ripples;voltage space vectors;Functional analysis;Leg;Pulse inverters;Pulse modulation;Pulse width modulation;Pulse width modulation inverters;Sampling methods;Space vector pulse width modulation;Switching frequency;Voltage control}, 
doi={10.1109/28.87265}, 
ISSN={0093-9994},}

@ARTICLE{broeck1984, 
author={van der Broeck, H.W. and Van Wyk, J.D.}, 
journal={Industry Applications, IEEE Transactions on}, 
title={A Comparative Investigation of a Three-Phase Induction Machine Drive with a Component Minimized Voltage-Fed Inverter under Different Control Options}, 
year={1984}, 
month={March}, 
volume={IA-20}, 
number={2}, 
pages={309-320}, 
keywords={Bridge circuits;Circuit testing;Costs;Frequency control;Induction machines;Pulse width modulation;Pulse width modulation inverters;Solid state circuits;Switches;Voltage control}, 
doi={10.1109/TIA.1984.4504413}, 
ISSN={0093-9994},}

@INPROCEEDINGS{iqbal2005, 
author={Iqbal, A. and Levi, E.}, 
booktitle={Power Electronics and Applications, 2005 European Conference on}, 
title={Space vector modulation schemes for a five-phase voltage source inverter}, 
year={2005}, 
month={}, 
pages={12 pp.-P.12}, 
keywords={AC motor drives;PWM invertors;harmonic analysis;AC machine drives;five-phase voltage source inverter;low-order output voltage harmonics;multiphase motor drives;performance evaluation;power electronics;pulse width modulation;space vector PWM;space vector modulation schemes;Control systems;Impedance;Motor drives;Phase modulation;Power electronics;Pulse width modulation converters;Pulse width modulation inverters;Space vector pulse width modulation;Stators;Voltage;Converter control;Multi-machine system;Multiphase drive;Pulse width modulation}, 
doi={10.1109/EPE.2005.219194},}

@ARTICLE{levi2012_openwind, 
author={Levi, E. and Satiawan, I.N.W. and Bodo, N. and Jones, M.}, 
journal={Energy Conversion, IEEE Transactions on}, 
title={A Space-Vector Modulation Scheme for Multilevel Open-End Winding Five-Phase Drives}, 
year={2012}, 
month={March}, 
volume={27}, 
number={1}, 
pages={1-10}, 
keywords={PWM invertors;asynchronous machines;electric propulsion;machine windings;power system harmonics;switching convertors;variable speed drives;harmonic analysis;induction machine;inverter;multilevel converters;open end winding five phase drive;open loop V/f control;propulsion motors;series hybrid power trains;space vector modulation;switching convertor;variable speed drives;Inverters;Modulation;Support vector machines;Switches;Topology;Vectors;Windings;Induction motor drives;multiphase ac drives;open-end winding;space vector modulation}, 
doi={10.1109/TEC.2011.2178074}, 
ISSN={0885-8969},}

@ARTICLE{dujic2011flux, 
author={Dujic, D. and Jones, M. and Levi, E. and Prieto, J. and Barrero, F.}, 
journal={Industrial Electronics, IEEE Transactions on}, 
title={Switching Ripple Characteristics of Space Vector PWM Schemes for Five-Phase Two-Level Voltage Source Inverters --- Part 1: Flux Harmonic Distortion Factors}, 
year={2011}, 
month={July}, 
volume={58}, 
number={7}, 
pages={2789-2798}, 
keywords={PWM invertors;variable speed drives;THD;carrier-based approaches;current ripple;five-phase VSI-fed induction motor drive;five-phase two-level voltage source inverters;flux harmonic distortion factors;multiphase variable-speed drives;pulsewidth modulation methods;space vector PWM schemes;switching ripple characteristics;total harmonic distortion;Harmonic analysis;Inverters;Space vector pulse width modulation;Support vector machine classification;Switches;Trajectory;Flux harmonic distortion factor (HDF);multiphase drives;space vector pulsewidth modulation (SVPWM);voltage source inverters (VSIs)}, 
doi={10.1109/TIE.2010.2070777}, 
ISSN={0278-0046},}

@ARTICLE{dujic2011current, 
author={Jones, M. and Dujic, D. and Levi, E. and Prieto, J. and Barrero, F.}, 
journal={Industrial Electronics, IEEE Transactions on}, 
title={Switching Ripple Characteristics of Space Vector PWM Schemes for Five-Phase Two-Level Voltage Source Inverters --- Part 2: Current Ripple}, 
year={2011}, 
month={July}, 
volume={58}, 
number={7}, 
pages={2799-2808}, 
keywords={PWM invertors;fast Fourier transforms;harmonic distortion;leakage currents;SVPWM;current ripple;fast Fourier transform;harmonic distortion factor;leakage inductance;space vector PWM scheme;switching ripple characteristic;total harmonic distortion;voltage source inverter;Harmonic analysis;Inverters;Space vector pulse width modulation;Stators;Switches;Switching frequency;Current ripple;multiphase drives;space vector pulse width modulation (SVPWM);voltage source inverters (VSIs)}, 
doi={10.1109/TIE.2010.2070778}, 
ISSN={0278-0046},}

@ARTICLE{Kindl2020,
author={V. {Kindl} and R. {Cermak} and Z. {Ferkova} and B. {Skala}},
journal={Energies},
title={Review of Time and Space Harmonics in Multi-Phase Induction Machine},
year={2020},
volume={13},
number={2},
pages={496},
keywords={ $dq$  multiphase; induction; motor; space harmonics; time harmonics; injection},
doi={10.3390/en13020496},
ISSN={1996-1073},
month={January},}


@ARTICLE{Heller, 
author={Heller, B. and Hamata, V}, 
journal={Elsevier Science Ltd.: Amsterdam, The Netherlands}, 
title={Harmonic Field Effects in Induction Machines}, 
year={1977}, 
ISBN={9780444998569},}